1929 3208
224 219 280 257 50
855 222 980 254 mvn
989 223 1122 255 nam*

402 329 568 369 πόντου
601 326 806 381 κρέοντος
837 327 978 376 παῖδ’,
1011 327 1068 370 ἵν’
1101 328 1388 384 εὐσεβεστάτη

403 405 547 452 ψῆφος
579 401 733 451 βεβαία
764 397 800 439 τ’
833 398 951 441 ἐστὶν
984 402 1030 441 ε”κ
1061 416 1109 453 γε
1142 407 1222 441 τοῦ
1254 403 1442 455 βροτοῖς.

402 470 597 511 ἐνταῦθα
631 468 700 511 καὶ
734 468 779 510 σέ-
815 471 885 511 δεῖ
916 472 1101 525 δραμεῖν
1134 473 1279 525 φόνου
1312 471 1420 526 πέρι.

402 544 492 581 ι”σαι
527 540 579 582 δέ
609 538 647 581 σ’
680 540 924 583 ἐκσώσουσι
956 542 1013 596 μὴ
1047 547 1206 584 θανεῖν
1239 544 1339 598 δίκῃ
1664 556 1749 586 1266

403 618 540 665 ψῆφοι
572 617 785 653 τεθεῖσαι·
824 612 981 662 Λοξίας
1014 614 1096 667 γὰρ
1130 614 1275 656 αἰτίαν

399 682 441 731 ἐς
473 683 609 724 αὑτὸν
642 687 769 735 οἴσει,
801 683 986 738 μητέρος
1017 685 1181 739 χρήσας
1211 686 1367 740 φόνον.

398 752 467 794 καὶ
501 761 613 795 τοῖσι
649 757 818 804 λοιποῖς
850 755 924 795 ὅδε
958 757 1093 809 νόμος
1124 758 1371 809 τεθήσεται,

399 831 527 866 νικᾶν
562 829 676 875 ι”σαις
708 827 897 879 ψήφοισι
929 827 1007 868 τὸν
1039 826 1247 881 φεύγοντ’
1287 827 1363 870 ἀεί.

401 895 541 938 δειναὶ
575 895 655 951 μὲν
688 893 770 939 οὗν
802 895 904 939 θεαὶ
937 895 1039 954 τῷδ’
1072 899 1166 952 ἄχει
1198 897 1497 954 πεπληγμέναι
1627 892 1745 941 ἱ1270

399 968 541 1021 πάγον
573 967 673 1022 παρ’
707 968 843 1010 αὐτὸν
875 969 1018 1023 χάσμα
1052 970 1264 1012 δύσονται
1297 972 1476 1025 χθονός,

399 1041 562 1093 σεμνὸν
594 1041 821 1093 βροτοῖσιν
853 1038 1029 1093 εὐσεβὲς
1060 1042 1320 1096 μυστήριον·

400 1108 445 1151 σὲ·
480 1109 519 1151 δ’
550 1109 774 1164 Ἀρκάδων
806 1111 888 1165 χρὴ
921 1112 1051 1152 πόλιν
1084 1111 1148 1153 ἐπ’
1184 1108 1386 1166 Ἀλφειοῦ
1419 1113 1543 1167 ῥοαῖς

400 1183 538 1222 οἰκεῖν
571 1183 771 1223 Λυκαίου
803 1184 993 1236 πλησίον
1027 1184 1300 1237 σηκώματος·

401 1252 632 1306 ἐπώνυμος
665 1250 713 1294 δὲ
745 1259 828 1294 σοῦ
860 1255 985 1302 πόλις
1016 1256 1279 1308 κεκλήσεται.
1661 1265 1749 1297 1275

400 1322 469 1365 σοὶ
503 1321 583 1378 μὲν
615 1320 710 1365 τάδ’
746 1320 890 1365 εἷπον·
924 1325 1053 1366 τόνδε
1087 1323 1126 1366 δ’
1160 1327 1383 1379 Αἰγίσθου
1416 1325 1548 1368 νέκυν

388 1393 577 1448 ’Ἄργους
607 1398 782 1436 πολῖται
815 1402 893 1449 γῆς
925 1396 1202 1446 καλύψουσιν
1234 1397 1371 1453 τάφῳ.

399 1465 560 1520 μητέρα
594 1463 643 1506 δὲ
675 1466 756 1519 τὴν
789 1466 872 1519 σὴν
905 1466 1003 1520 ἄρτι
1040 1469 1277 1508 Ναυπλίαν
1309 1467 1463 1522 παρὼν

401 1535 643 1589 Μενέλαος,
678 1535 721 1586 ἐξ
754 1532 807 1577 οὗ
845 1537 1045 1591 Τρωικὴν
1078 1532 1164 1579 εἷλε
1197 1539 1354 1593 χθόνα,

393 1604 546 1661 Ἑλένη
579 1623 625 1649 τε
658 1608 813 1658 θάψει’
847 1607 1066 1663 Πρωτέως
1097 1610 1181 1664 γὰρ
1213 1609 1260 1651 ἐκ
1293 1609 1442 1663 δόμων
1655 1619 1744 1650 1280

400 1679 494 1732 ἥκει
527 1677 699 1721 λιποῦσ’
733 1683 962 1733 Αἴγυπτον
995 1677 1093 1721 οὐδ’
1130 1677 1270 1734 ἦλθεν
1305 1680 1505 1735 Φρύγας·

402 1751 514 1800 Ζεὺς
546 1748 604 1803 δ’,
638 1750 696 1799 ὡς
728 1752 818 1805 ἔρις
849 1749 1022 1804 γένοιτο
1055 1749 1127 1792 καὶ
1160 1753 1299 1805 φόνος
1331 1754 1517 1805 βροτῶν,

400 1822 588 1862 εἴδωλον
621 1819 796 1874 Ἑλένης
827 1820 1027 1875 ἐξέπεμψ’
1060 1821 1104 1871 ἐς
1124 1821 1275 1863 Ἴλιον.

402 1892 614 1946 Πυλάδης
646 1889 726 1946 μὲν
759 1888 840 1933 οὖν
873 1894 1010 1947 κόρην
1042 1908 1087 1934 τε
1119 1891 1191 1933 καὶ
1224 1890 1406 1947 δάμαρτ’
1439 1893 1550 1947 ἔχων

397 1962 613 2019 Ἀχαιίδος
644 1969 723 2018 γῆς
755 1962 894 2005 οἴκαδ’
926 1963 1197 2017 ἐσπορευέτω
1659 1974 1749 2005 1285

401 2034 473 2076 καὶ
503 2035 582 2076 τὸν
614 2037 730 2091 λόγῳ
763 2036 844 2076 σὸν
876 2037 1099 2090 πενθερὸν
1131 2034 1338 2090 κομιζέτω

404 2104 596 2147 Φωκέων
627 2105 670 2155 ές
702 2101 804 2147 αἶαν
835 2104 907 2147 καὶ
940 2107 1053 2148 δότω
1085 2107 1281 2148 πλούτου
1313 2107 1465 2160 βάρος·

403 2179 458 2218 σὺ
492 2175 532 2217 δ’
557 2173 756 2231 Ἰσθμίας
787 2182 866 2230 γῆς
898 2175 1047 2232 αὐχέν’
1079 2176 1302 2232 ἐμβαίνων
1334 2176 1437 2219 ποδὶ

401 2249 532 2302 χώρει
564 2247 674 2301 πρὸς
705 2248 848 2301 ὄχθον
880 2250 1128 2303 Κεκροπίας
1161 2248 1413 2302 εὐδαίμονα.

322 2438 410 2469 1262
437 2436 555 2469 παῖδα
585 2435 618 2469 G
718 2439 807 2469 1263
835 2436 890 2480 γε]
917 2435 1102 2479 Schaefer,
1127 2448 1165 2469 τε
1191 2436 1270 2470 LG
1299 2438 1303 2479 Ι
1339 2435 1378 2470 ἐκ
1403 2435 1535 2470 τούτου
1560 2434 1713 2469 Pierson
1743 2434 1746 2481 Ι

225 2489 385 2535 βροτοῖς]
413 2487 622 2530 Kirchhoff,
649 2490 756 2528 θεοῖς
781 2489 869 2523 LG.
920 2488 1017 2522 Fort.
1045 2494 1174 2533 ψῆφος
1199 2487 1397 2532 κέκρανται
1428 2494 1505 2528 τοῖς
1536 2486 1751 2532 μιαιφόνοις

225 2543 365 2587 βροτῶν
478 2545 569 2575 1265
597 2540 808 2586 ἐκσώσουσι]
835 2540 985 2585 Porson,
1013 2540 1205 2583 ἐκσώζουσι
1231 2542 1309 2576 LG
1355 2544 1359 2586 Ι
1406 2541 1454 2586 μὴ
1485 2543 1621 2575 θανεῖν
1647 2538 1748 2587 δίκῃ]

225 2596 307 2630 fort.
341 2594 389 2639 μὴ
426 2594 603 2638 ἁμαρτεῖν
638 2592 745 2638 δίκης
890 2598 979 2628 1267
1016 2594 1146 2640 αὑτὸν]
1173 2594 1377 2638 Victorius,
1415 2594 1551 2629 ταυτὸν
1577 2594 1654 2628 LG

226 2651 316 2682 1270
348 2645 618 2693 πεπληγμέναι]
646 2646 729 2681 fort.
763 2645 985 2692 δεδηγμέναι
1108 2651 1195 2681 1271
1229 2646 1366 2694 χάσμα]
1386 2647 1589 2690 Victorius,
1622 2645 1749 2690 φάσμα

225 2702 303 2735 LG
402 2704 491 2734 1272
519 2699 678 2746 εὐσεβὲς]
706 2699 850 2746 ἀστιβὲς
875 2700 1009 2734 Reiske
1042 2703 1045 2745 Ι
1081 2700 1295 2747 μυστήριον]
1320 2701 1504 2745 Hartung,
1531 2698 1749 2745 χρηστήριον

225 2754 314 2788 LG.
365 2753 434 2788 cfr.
464 2757 506 2787 87
626 2757 715 2787 1275
743 2751 784 2787 δέ
809 2765 874 2787 σου
901 2754 979 2788 LG
1089 2758 1179 2788 1276
1205 2751 1326 2799 εἷπον]
1354 2754 1455 2788 αὐδῶ
1480 2752 1624 2787 Nauck.
1677 2751 1747 2786 Cfr.

224 2807 360 2841 Phoen.
399 2810 465 2841 778
613 2810 702 2840 1277
747 2805 874 2853 τάφῳ]
916 2805 1031 2853 σκότῳ
1069 2806 1201 2840 Nauck
1347 2810 1438 2840 1280
1481 2805 1623 2850 θάψει]
1661 2803 1747 2838 Vie-

225 2860 358 2903 torius,
394 2859 506 2904 θάψη
540 2860 618 2894 LG
740 2863 828 2894 1281
869 2855 957 2903 ἦλθε
990 2860 1068 2894 LG
1204 2863 1293 2893 1284
1328 2857 1443 2903 κόρην
1471 2870 1509 2891 τε
1545 2857 1628 2902 καὶ]
1664 2856 1746 2890 fort.

226 2913 293 2957 σὴν
319 2914 500 2958 σύγγονον
623 2917 713 2947 1285
739 2911 964 2956 ἐκπορευέτω
990 2912 1126 2946 Reiske
1226 2916 1315 2945 1289
1343 2911 1476 2957 ὄχθον]
1503 2909 1748 2954 Valckenaer,

226 2964 330 3001 οἶκον
357 2968 389 3000 L
402 2967 434 2999 G
