1929 3208
766 794 970 827 ΤΡΟΦΟΣ.

284 857 387 903 Εἴθ’
425 858 561 911 ὤφελ’
592 856 773 913 Ἀργοῦς
805 860 862 914 μὴ
897 861 1165 901 διαπτάσθαι
1199 860 1366 913 σκάφος

287 934 468 986 Κόλχων
502 930 544 981 ἐς
577 928 678 972 αἶαν
711 929 898 981 κυανέας
929 931 1281 986 Συμπληγάδας,

282 1000 383 1058 μηδ’
421 1002 469 1045 ἐν
501 1002 681 1044 νάπαισι
715 1004 892 1056 Πηλίου
923 1009 1073 1045 πεσεῖν
1104 1017 1208 1044 ποτε

279 1079 496 1130 τμηθεῖσα
527 1074 687 1128 πεύκη,
721 1071 823 1128 μηδ’
861 1073 1100 1128 ἐρετμῶσαι
1132 1072 1260 1128 χέρας

281 1142 457 1199 ἀνδρῶν
491 1144 718 1199 ἀριστέων,
753 1146 798 1186 οἳ
825 1145 874 1186 τὸ
906 1145 1163 1200 πάγχρυσον
1196 1143 1324 1197 δέρος
1609 1155 1628 1184 5

283 1219 422 1272 Πελίᾳ
454 1219 687 1271 μετῆλθον.
752 1216 806 1258 οὐ
837 1217 921 1271 γὰρ
953 1215 1009 1258 ἂν
1042 1212 1239 1258 δέσποιν’
1276 1215 1356 1270 ε’μὴ

281 1289 458 1342 Μήδεια
489 1288 687 1342 πύργους
717 1293 796 1342 γῆς
830 1284 1003 1329 ε”πλευσ’
1034 1286 1229 1336 Ἰωλκίας

281 1362 408 1411 ἔρωτι
439 1359 590 1413 θυμὸν
623 1355 872 1412 ἐκπλαγεῖσ’
905 1357 1120 1412 Ἰάσονος,

282 1426 377 1471 οὐδ’
415 1429 468 1471 ἂν
500 1436 678 1471 κτανεῖν
709 1432 896 1472 πείσασα
930 1429 1153 1479 Πελιάδας
1184 1431 1318 1483 κόρας

281 1499 443 1555 πατέρα
476 1498 660 1556 κατῴκει
691 1501 823 1555 τήνδε
855 1507 940 1556 γῆν
971 1503 1224 1555 Κορινθίαν
1587 1510 1630 1540 10

282 1572 362 1623 ξὺν
394 1570 525 1626 ἀνδρὶ
556 1569 629 1613 καὶ
660 1570 898 1626 τέκνοισιν,
930 1571 1186 1614 ἁνδάνουσα
1218 1569 1298 1626 μὲν

281 1649 402 1698 φυγῇ
433 1646 627 1685 πολιτῶν
660 1639 723 1685 ὧν
755 1642 935 1697 ἀφίκετο
968 1645 1134 1698 χθόνα,

281 1714 389 1768 αὐτή
421 1729 466 1756 τε
497 1714 640 1756 πάντα
673 1711 945 1769 ξυμφε’ρουσ’
976 1710 1155 1757 Ἰάσονι·

281 1785 391 1840 ἥπερ
423 1787 604 1839 μεγίστη
636 1787 834 1839 γίγνεται
866 1788 1079 1840 σωτηριά,

281 1856 387 1898 ὅταν
417 1857 530 1911 γυνὴ
564 1856 668 1910 πρὸς
700 1857 842 1911 ἄνδρα
874 1857 931 1912 μὴ
965 1857 1210 1911 διχοστατῇ.
1588 1866 1630 1896 15

279 1933 364 1968 νῦν
397 1925 438 1968 δ’
475 1926 615 1983 ἐχθρὰ
645 1927 808 1981 πάντα,
839 1925 911 1969 καὶ
942 1934 1070 1970 νοσεῖ
1097 1928 1149 1969 τὰ
1182 1929 1380 1981 φίλτατα.

279 1999 473 2053 προδοὺς
504 1998 588 2052 γὰρ
621 1997 759 2040 αὑτοῦ
792 1997 919 2040 τέκνα
954 1999 1159 2040 δεσπότιν
1191 1997 1223 2040 τ’
1265 1998 1373 2053 ε’μὴν

282 2069 436 2123 γάμοις
466 2065 620 2111 Ἰάσων
651 2070 894 2123 βασιλικοῖς
927 2070 1164 2124 εὐνάζεται,

280 2142 419 2194 γήμας
450 2138 673 2192 Κρέοντος
703 2139 847 2192 παῖδ’,
882 2140 929 2190 ὃς
961 2142 1155 2197 αἰσυμνᾷ
1188 2142 1369 2195 χθονός·

283 2211 458 2264 Μήδεια
492 2207 531 2252 δ’
566 2210 593 2264 ἡ
626 2211 844 2264 δύστηνος
874 2210 1146 2266 ἠτιμασμένη
1586 2222 1630 2251 20

280 2284 363 2337 βοᾷ
396 2279 476 2335 μὲν
508 2281 686 2336 ὅρκους,
719 2282 928 2324 ἀνακαλεῖ
961 2280 1008 2324 δὲ
1042 2284 1186 2333 δεξιᾶς

199 2422 230 2444 v.
254 2414 270 2444 1
305 2408 538 2444 διαπτάσθαι
559 2410 637 2444 BL
669 2421 752 2444 cum
778 2410 976 2445 Eustathio
1002 2410 1040 2444 in
1068 2410 1134 2445 Od.
1162 2424 1196 2456 p.
1221 2415 1329 2454 1419,
1362 2410 1400 2444 in
1425 2410 1466 2444 Π.
1493 2423 1527 2455 p.
1549 2414 1628 2444 452.

104 2476 139 2508 p.
160 2467 238 2498 526.
264 2475 299 2508 p.
323 2463 430 2510 1248]
457 2464 689 2498 διαπτᾶσθαι
710 2476 729 2499 ἰ’
859 2468 879 2498 5
906 2462 1083 2508 ἀριστέων
1105 2464 1330 2511 Wakefield]
1358 2463 1516 2507 ἀρίστων
1542 2463 1629 2497 libri

107 2517 111 2561 1
134 2514 240 2559 δέρος
258 2517 293 2551 L
319 2518 356 2551 et
381 2526 491 2560 quem
516 2515 723 2562 publicavib
747 2517 791 2553 H.
813 2517 912 2551 Weil
935 2521 1024 2552 1879
1051 2529 1215 2562 papyrus
1236 2517 1360 2552 Didot.
1388 2517 1452 2561 qui
1479 2516 1631 2551 exhibet-

104 2569 314 2614 fragmenta
350 2581 520 2604 versuum
559 2574 689 2604 5—12
729 2582 812 2605 cum
843 2570 1041 2605 Eustathio
1080 2570 1119 2604 in
1150 2570 1190 2605 Π.
1230 2583 1265 2615 p.
1300 2571 1384 2616 600]
1424 2568 1533 2612 δέρας
1566 2581 1584 2603 r

107 2626 147 2656 11
176 2622 242 2664 ξὺν
262 2622 313 2668 Β]
341 2623 407 2657 σὺν
426 2635 445 2658 o·
467 2625 471 2667 Ι
495 2622 711 2658 ἁνδάνουσα
732 2623 830 2670 La2]
857 2623 1075 2659 ἀνδάνουσα
1094 2636 1114 2659 ¹r
1260 2627 1302 2657 113
1330 2625 1489 2658 πολιτῶν
1509 2623 1544 2656 Β
1571 2636 1631 2662 αις

105 2687 183 2720 sup.
217 2681 269 2710 ῶν
302 2686 367 2710 scr.
395 2676 414 2710 b
446 2675 614 2717 πολίταις
638 2676 777 2711 Barnes
897 2680 939 2711 13
973 2676 1066 2720 αὐτή
1097 2677 1151 2723 τε]
1190 2676 1282 2721 αὐτὴ
1318 2675 1357 2711 δὲ
1386 2676 1568 2710 Stobaeus
1594 2675 1628 2710 fl.

106 2733 162 2773 74,
189 2732 233 2762 30
268 2729 272 2773 1
308 2726 530 2772 ξυμφέρουσ’
555 2730 606 2776 Β]
640 2728 863 2775 συμφέρουσ’
886 2743 905 2765 r
1054 2733 1092 2764 16
1126 2735 1229 2765 νοσεῖ
1257 2728 1302 2763 τὰ
1335 2727 1462 2772 καίρια
1495 2728 1628 2763 Christ.

104 2784 180 2827 pat.
207 2786 249 2816 37
374 2785 415 2815 17
449 2783 563 2817 αὑτοῦ
591 2783 638 2829 C]
672 2783 786 2818 αὐτοῦ
812 2796 831 2818 r
859 2784 862 2829 Ι
892 2781 922 2817 τ’
954 2795 1022 2818 om.
1051 2783 1090 2817 E
1210 2786 1252 2816 18
1287 2781 1432 2828 γάμοις]
1467 2780 1630 2825 λέκτροις

104 2835 238 2870 Nauck
264 2836 453 2880 βασιλικῆς
471 2835 507 2869 Β
533 2846 622 2870 corr.
645 2836 704 2870 Βι
850 2840 890 2870 21
920 2835 1053 2879 ὅρκους
1074 2836 1157 2870 ΒΕ
1181 2847 1270 2870 corr.
1294 2835 1353 2869 E¹
1376 2836 1380 2880 Ι
1403 2833 1443 2869 δὲ
1470 2845 1539 2870 om.
1561 2835 1601 2868 E
1621 2834 1624 2879 Ι

105 2888 229 2931 δεξιᾶς
248 2888 432 2934 BEFL]
458 2886 582 2930 δεξιάς
600 2901 619 2923 7·
644 2888 772 2933 (etiam
793 2890 818 2935 l)
844 2900 926 2923 cum
953 2888 1066 2924 schol.
1093 2887 1282 2934 Aristoph.
1310 2887 1406 2922 Nub.
1429 2891 1470 2922 81
