1929 3208
263 157 318 196 :203
895 158 1158 189 uovvnlmm·

439 272 605 306 πασῶν.
641 262 847 304 ἀναίδει’·
888 260 937 304 εὖ
970 261 1008 303 δ’
1047 262 1253 315 ἐποίησας
1284 265 1450 318 μολών·

440 334 522 387 ἐγώ
556 352 597 375 τε
633 336 714 388 γὰρ
749 333 904 384 λέξασα
937 334 1298 387 κουφισθήσομαι

442 407 584 459 ψυχὴν
618 412 758 453 κακῶς
790 415 837 445 σε
872 401 940 444 καὶ
975 405 1030 445 σὺ
1064 406 1235 458 λυπήσῃ
1268 405 1424 447 κλύων.

440 477 484 517 ἐκ
518 485 603 517 τῶν
638 474 683 516 δὲ·
718 476 902 530 πρώτων
935 482 1109 529 πρῶτον
1142 476 1326 530 ἄρξομαι
1359 475 1514 529 λέγειν.
1718 489 1785 519 475

441 548 582 589 ἔσωσά
615 545 674 594 σ’,
708 546 766 595 ὡς
799 550 946 587 ι”σασιν
971 543 1194 600 Ἑλλήνων
1228 546 1324 588 ὅσοι

438 619 597 659 ταύτὸν
631 617 952 671 συνεισέβησαν
982 613 1175 674 Ἀργῷον
1208 618 1395 671 σκάφος,

437 688 696 743 πεμφθέντα
729 689 906 743 ταύρων
937 690 1178 743 πυρπνόων
1212 689 1446 743 ἐπιστάτην

440 762 661 814 ξεύγλαισι
695 759 765 801 καὶ
799 766 1046 813 σπεροῦντα
1078 760 1331 814 θανάσιμον
1363 761 1493 815 γύην·

438 832 656 886 δράκοντά
690 830 757 885 θ’,
790 831 837 881 ὃς
869 832 1126 886 πάγχρυσον
1160 831 1363 886 ἀμπέχων
1396 831 1523 887 δέρος
1719 843 1786 874 480

437 906 634 958 σπείραις
667 905 794 959 ἔσῳζε
828 904 1123 952 πολυπλόκοις
1155 903 1322 952 ἄυπνος
1356 903 1432 956 ὤν,

437 971 629 1016 κτείνασ’
667 973 854 1029 ἀνέσχον
886 973 956 1015 σοὶ
989 974 1102 1027 φάος
1135 976 1365 1028 σωτήριον.

437 1045 547 1099 αὐτὴ
581 1043 627 1087 δὲ
661 1044 824 1100 πατέρα
857 1044 926 1087 καὶ
962 1045 1127 1099 δόμους
1158 1042 1371 1099 προδοῦσ’
1409 1045 1539 1100 ἐμοὺς

436 1117 516 1170 τὴν
550 1120 776 1171 Πηλιῶτιν
809 1117 872 1166 εἰς
900 1112 1076 1158 Ἰωλκὸν
1110 1117 1267 1171 ἱκόμην

436 1189 520 1229 σὺν
552 1190 643 1238 σοί,
677 1190 910 1242 πρόθυμος
942 1191 1110 1242 μᾶλλον
1142 1186 1167 1241 ἢ
1201 1187 1453 1242 σοφωτέρα,
1717 1198 1786 1229 485

437 1261 605 1300 Πελίαν
636 1257 672 1300 τ’
712 1254 946 1311 ἀπέκτειν’,
980 1259 1124 1312 ὥσπερ
1158 1259 1365 1312 ἄλγιστον
1398 1263 1572 1311 θανεῖν,

435 1331 606 1372 παίδων
638 1327 711 1371 ὑπ’
748 1330 899 1385 αὐτοῦ,
929 1330 1069 1372 πάντα
1104 1327 1145 1371 δ’
1182 1329 1347 1380 ἐξεῖλον
1380 1332 1537 1384 φόβον.

600 1399 842 1416 ,,,,,
1004 1398 1019 1404 -

434 1473 696 1526 προύδωκας
728 1472 858 1526 ἡμᾶς,
892 1472 1022 1513 καινὰ
1056 1470 1094 1512 δ’
1135 1472 1300 1526 ἐκτήσω
1333 1471 1455 1526 λέχη,

433 1544 606 1585 παίδων
638 1543 860 1597 γεγώτων·
901 1544 942 1584 εί
971 1544 1054 1597 γὰρ
1086 1539 1191 1597 ἧσθ’
1228 1543 1358 1592 ἄπαις
1391 1545 1471 1597 ἔτι,
1715 1554 1784 1585 490

435 1613 681 1668 συγγνώστ’
719 1613 774 1656 ἂν
806 1611 861 1668 ἦν
895 1625 966 1656 σοι
998 1612 1120 1656 τοῦδ’
1158 1613 1402 1669 ἐρασθῆναι
1435 1613 1600 1669 λέχους.

433 1687 578 1739 ὅρκων
613 1683 659 1727 δὲ
694 1686 870 1740 φρούδη
904 1687 1066 1739 πίστις,
1099 1682 1195 1727 οὐδ’
1234 1688 1315 1740 ε”χω
1348 1690 1511 1740 μαθεῖν

436 1757 461 1811 ἢ
494 1759 630 1807 θεοὺς
662 1759 850 1811 νομίζεις
883 1759 985 1806 τοὺς
1018 1755 1102 1798 τότ’
1143 1757 1224 1798 οὐκ
1255 1757 1405 1811 ἄρχειν
1439 1759 1520 1811 ἔτι,

434 1829 459 1882 ἢ
493 1829 623 1871 καινὰ
655 1833 832 1870 κεῖσθαι
863 1826 1011 1882 θέσμι’
1048 1827 1303 1882 ἀνθρώποις
1334 1828 1385 1869 τὰ
1417 1834 1516 1881 νῦν,

433 1899 523 1942 ἐπεὶ
557 1899 779 1942 σύνοισθά
812 1895 854 1952 γ’
890 1900 952 1948 εἰς
983 1897 1048 1953 ἔμ’
1087 1899 1168 1941 οὐκ
1200 1899 1383 1952 εὔορκος
1416 1900 1488 1941 ὤν.
1713 1911 1782 1942 495

431 1977 517 2026 φεῦ
551 1971 670 2022 δεξιὰ
703 1973 819 2026 χείρ,
856 1967 902 2024 ἧς
934 1971 990 2012 σὺ
1022 1966 1147 2012 πόλλ’
1184 1970 1455 2024 ἐλαμβάνου,

432 2041 504 2084 καὶ
536 2044 675 2084 τῶνδε
708 2043 929 2096 γονάτων,
963 2042 1022 2091 ὡς
1053 2042 1193 2096 μάτην
1225 2043 1510 2096 κεχρώσμεθα

436 2119 574 2155 κακοῦ
605 2114 713 2168 πρὸς
746 2113 931 2167 ἀνδρός,
966 2113 1157 2155 ἐλπίδων
1191 2111 1232 2154 δ’
1268 2112 1528 2167 ἡμάρτομεν.

430 2184 520 2238 ἄγ’
566 2185 624 2234 ὡς
656 2187 770 2241 φίλῳ
803 2185 886 2238 γὰρ
920 2186 1014 2226 ὄντι
1047 2196 1115 2226 σοι
1148 2184 1437 2238 κοινώσομαι,

434 2258 624 2298 δοκοῦσα
657 2254 737 2309 μὲν
769 2258 814 2296 τί
841 2257 950 2308 πρός
982 2271 1029 2309 γε
1063 2261 1144 2296 σοῦ
1176 2255 1356 2308 πράξειν
1389 2259 1548 2305 καλῶς;
1712 2267 1780 2297 500

346 2377 413 2406 472
453 2371 492 2406 δὲ
530 2370 704 2415 ’ποιήσας
735 2373 770 2406 L
825 2370 1000 2416 ἐποίησας
1034 2372 1069 2405 P
1121 2371 1155 2406 δ’
1195 2369 1370 2416 ἐποίησας
1397 2372 1440 2415 lp
1474 2373 1478 2414 Ι
1517 2373 1637 2415 μολών
1665 2372 1733 2406 Βα

251 2431 319 2460 475
346 2428 461 2461 τῶνδε
483 2427 560 2461 BL
681 2429 749 2459 478
777 2424 1006 2469 πεμφθάντα
1029 2425 1066 2459 Ε
1182 2428 1250 2458 479
1277 2424 1441 2470 ζεύγλῃσι
1462 2424 1490 2459 S
1514 2424 1723 2469 ζεύγν*αισι
1743 2425 1783 2459 Ε

298 2484 367 2514 480
393 2478 456 2525 θ’]
484 2477 521 2513 δ’
545 2480 626 2513 BP
651 2480 655 2523 Ι
685 2477 867 2522 ἀμφέπων
894 2478 1032 2512 Aldina
1060 2481 1064 2521 Ι
1094 2476 1200 2521 δέρος
1219 2478 1321 2523 Lbss]
1349 2476 1458 2520 δέρας
1477 2490 1496 2513 ¹r
1616 2481 1684 2512 484
1710 2490 1779 2523 πη-

251 2534 384 2576 λιώτην
405 2533 440 2566 Β
562 2536 629 2566 487
656 2530 719 2575 ὑφ’
754 2532 867 2566 αὑτοῦ
894 2531 1056 2575 Elmsley
1081 2534 1084 2573 Ι
1108 2529 1162 2577 δ’]
1188 2530 1221 2564 τ’
1247 2530 1274 2565 S
1294 2532 1297 2574 Ι
1321 2528 1457 2576 φόβον]
1490 2530 1606 2575 δόμον
1626 2531 1654 2566 S
1677 2533 1715 2565 et
1739 2531 1779 2566 a¹

251 2586 288 2619 in
316 2597 430 2630 marg.
529 2589 597 2619 489
626 2584 737 2619 καινὰ
759 2585 794 2618 Β
821 2585 881 2618 καὶ
912 2583 975 2618 νέα
1002 2584 1117 2628 (quod
1141 2583 1194 2618 ni]
1220 2583 1293 2617 nisi
1319 2583 1456 2628 glossa)
1477 2586 1511 2619 bs
1599 2588 1665 2618 491
1695 2584 1778 2629 σύγ-

252 2637 381 2683 γνωστ’
421 2637 467 2673 ἂν
500 2634 546 2682 ἦν
579 2650 634 2672 σοι
656 2638 684 2673 S
713 2639 792 2682 (Lp
819 2636 1016 2683 σύγγνωστ’
1055 2637 1102 2672 ἄν
1129 2648 1184 2671 σοι
1206 2637 1268 2682 Ρ>]
1308 2637 1540 2682 συγγνωστὸν
1566 2633 1611 2681 ἦν
1638 2648 1694 2671 σοι
1713 2649 1732 2672 r

251 2696 319 2726 493
346 2687 366 2735 ἦ
389 2693 424 2725 Β
451 2690 472 2735 ἢ
494 2693 528 2726 bs
564 2691 595 2725 εἰ
615 2691 750 2725 Reiske
774 2692 778 2736 Ι
801 2689 934 2734 νομίζω
961 2690 1073 2725 schol.
1096 2689 1264 2724 Aeschin.
1293 2702 1326 2734 p.
1349 2694 1417 2724 350
1440 2690 1519 2724 Sch.
1618 2694 1687 2724 494
1711 2687 1777 2724 θέ-

251 2743 324 2788 σμι’
349 2745 423 2779 ES
459 2756 542 2778 eum
569 2743 681 2778 schol.
708 2743 898 2789 Aeschin]
931 2741 1055 2787 θέσμι’
1087 2740 1127 2777 ἐν
1148 2743 1183 2776 Β
1215 2741 1324 2786 θέσμ’
1355 2742 1394 2777 ἐν
1414 2756 1434 2777 (ι
1459 2745 1464 2788 Ι
1487 2743 1720 2786 ἀνθρώποισι
1741 2743 1780 2776 Ε

251 2797 290 2831 ἐν
312 2799 457 2843 βροτοῖς
471 2797 569 2832 Weil
663 2800 730 2831 497
758 2796 828 2831 lex.
844 2797 1001 2831 Messan.
1023 2796 1062 2830 in
1076 2797 1168 2830 Mus.
1188 2796 1303 2830 Rhen.
1322 2800 1410 2830 1892
1432 2809 1466 2841 p.
1481 2800 1550 2830 410
1570 2795 1690 2842 χρῴζω
1711 2796 1777 2831 σὺν

251 2854 299 2896 τῷ
322 2860 333 2884 l
353 2851 402 2890 ὡς
422 2851 563 2896 πλῴζω’
589 2849 795 2894 Εὐριπίδης
809 2848 960 2898 Μηδείᾳ
1034 2854 1101 2884 498
1124 2848 1269 2889 ἐλπίδος
1289 2848 1325 2883 δ’
1343 2850 1383 2884 Ε
1455 2852 1522 2883 500
1543 2848 1607 2892 μὲν
1623 2847 1658 2882 τί
1672 2849 1775 2894 BE]

254 2902 320 2948 μέν
348 2917 379 2937 τι
404 2916 421 2938 r
459 2903 510 2947 (in
538 2904 570 2937 L
604 2915 693 2938 corr.
728 2914 771 2937 ex
803 2901 941 2947 μέντοι)
973 2905 977 2947 Ι
1009 2903 1048 2937 α1
1075 2902 1113 2936 in
1140 2914 1254 2947 marg.
1282 2917 1336 2948 γρ.
1365 2904 1526 2937 δοκοῦσα
1552 2901 1600 2946 μή
1626 2915 1659 2936 τι
1685 2901 1777 2945 πρός
