1929 3208
667 729 929 788 ρΤπόθεσις
958 727 1164 792 εΕλένης.

270 871 479 927 ςΗρόδοτος
510 875 657 926 ἱστορεῖ
681 873 768 926 περὶ
788 869 950 923 Ἑλένης
980 873 1049 911 καί
1077 883 1177 923 φησι
1208 869 1279 922 μὲν
1310 869 1442 910 ἐλθεῖν
1473 868 1597 920 αὐτὴν
1628 870 1683 917 εἰς

160 935 376 987 Αἴγυπτον,
408 933 474 972 καὶ
503 940 616 973 τοῦτο
645 933 809 984 φάσκειν
834 931 900 971 καὶ
924 931 991 971 τὸν
1006 929 1183 983 Όμηρον
1208 936 1399 970 ποιοῦντα
1424 928 1496 980 τὴν
1518 925 1683 979 Ἑλένην

157 992 336 1046 παρέχειν
367 997 420 1048 τῷ
455 993 662 1048 Τηλεμάχῳ
693 991 736 1032 ἐν
766 988 969 1045 Ὀδυσσείᾳ
1006 990 1048 1030 τὸ
1086 987 1299 1041 λαθικηόὲς
1332 990 1542 1062 φάρμακον
1574 987 1614 1027 τό
1647 989 1688 1027 οἵ

157 1053 252 1106 πόρε
274 1052 517 1103 Πολυδάμνα
539 1051 697 1098 Θόωνος
722 1051 963 1103 παράκοιτις,
990 1050 1037 1090 οὐ
1064 1049 1142 1101 μὴν
1169 1047 1211 1088 δὲ
1237 1049 1362 1096 οὕτως
1389 1047 1441 1095 ὡς
1461 1047 1685 1100 Εὐριπίδης

160 1112 297 1163 φησίν.
359 1113 398 1151 οι
428 1109 498 1162 μὲν
528 1110 601 1164 γὰρ
640 1109 901 1162 πλανωμένην
933 1109 1055 1161 φασὶν
1087 1108 1213 1159 αὐτὴν
1245 1107 1336 1159 μετὰ
1375 1114 1442 1146 τοῦ
1475 1107 1685 1146 Μενελάου

160 1170 251 1222 μετὰ
277 1169 348 1222 τὴν
374 1177 442 1222 τῆς
463 1167 580 1210 Ἰλίου
612 1170 812 1222 πόρθησιν
837 1169 900 1208 καὶ
934 1169 988 1216 εἰς
1014 1169 1217 1221 Αἴγυπτον
1241 1165 1533 1220 παραγενέσθαι
1556 1165 1685 1204 κάκεῖ-

160 1234 236 1269 θεν
266 1230 506 1282 πεπορίσθαι
537 1229 581 1268 τὰ
617 1230 819 1282 φάρμακα·
859 1226 880 1268 ὃ
913 1226 954 1267 δὲ
991 1227 1063 1279 τὴν
1095 1226 1166 1279 μὲν
1204 1225 1365 1278 άληθῶς
1391 1222 1555 1276 Ἑλένην
1587 1224 1686 1276 φησὶ

159 1286 255 1340 μηδ’
297 1287 481 1328 ὁπωσοῦν
517 1287 649 1328 ἐλθεῖν
686 1288 743 1336 εἰς
783 1288 940 1340 Τροίαν,
977 1287 1018 1326 τὸ
1057 1287 1218 1326 εἴδωλον
1256 1285 1297 1325 δὲ
1337 1285 1470 1336 αὐτῆς.
1536 1283 1684 1334 κλέψας

157 1348 230 1401 γὰρ
262 1347 385 1399 αὐτὴν
419 1347 438 1387 ὁ
465 1344 612 1400 Ἑρμῆς
625 1345 752 1400 ’Ἠρας
784 1349 908 1402 βουλῇ
941 1349 1098 1399 Πρωτεῖ
1123 1350 1176 1401 τῷ
1207 1347 1362 1397 βασιλεῖ
1387 1351 1455 1396 τῆς
1479 1344 1684 1396 Αἰγύπτου

158 1408 366 1458 φυλάττειν
396 1405 610 1460 παρέδωκε·
645 1407 784 1446 τούτου
818 1404 858 1445 δὲ
891 1406 1086 1453 θανόντος
1113 1404 1133 1444 ὁ
1158 1404 1244 1452 υἱὸς
1269 1404 1390 1444 αὐτοῦ
1419 1403 1685 1454 Θεοκλύμενος

158 1465 334 1519 ἐπειρᾶτο
372 1470 508 1519 γαμεῖν
541 1466 676 1517 αὐτήν.
737 1464 762 1517 ἣ
795 1464 836 1504 δὲ
871 1463 986 1512 ἱκέτις
1025 1465 1278 1517 παρεκάθητο
1309 1467 1361 1518 τῷ
1393 1469 1461 1502 τοῦ
1495 1460 1686 1514 Πρωτέως

158 1542 349 1577 μνηματι,
388 1525 486 1564 όθεν
524 1526 622 1581 αὐτῇ
660 1524 907 1576 ἐπιφαίνεται
944 1522 1173 1572 Μενέλεως,
1210 1539 1278 1570 τας
1308 1521 1386 1595 μὲν
1423 1528 1522 1569 ναῦς
1559 1520 1601 1560 ἕν
1638 1528 1685 1576 τῇ

158 1585 339 1640 θαλάσσῃ
360 1583 562 1636 ἀπολέσας,
585 1583 740 1637 ὀλίγους
760 1583 802 1623 δέ
825 1599 932 1631 τινας
958 1590 1034 1622 τῶν
1054 1582 1216 1635 ἑταίρων
1237 1581 1278 1621 ἐν
1302 1581 1429 1635 άντρῳ
1454 1579 1685 1633 καθειργμέ-

159 1659 255 1691 νους
286 1644 430 1691 σώζων.
487 1644 542 1691 εἰς
578 1643 718 1696 λό)ους
750 1641 792 1682 δὲ
823 1642 1005 1690 ἐλθόντες
1035 1641 1101 1681 καὶ
1133 1641 1556 1695 μηχανορραφήσαντες
1585 1639 1686 1678 άπα-

158 1709 251 1742 τῶσι
296 1701 366 1754 μὲν
410 1702 477 1742 τὸν
524 1703 812 1754 Θεοκλύμενον,
862 1701 975 1741 αὐτοὶ
1019 1700 1060 1740 δὲ
1103 1700 1170 1752 νηὶ
1214 1700 1398 1753 ἐμβάντες
1443 1698 1495 1746 ὡς
1540 1698 1588 1750 δὴ
1633 1702 1685 1753 τῷ

160 1760 347 1817 Μενέλεῳ
372 1762 540 1802 θανόντι
565 1761 663 1801 κατὰ
683 1762 881 1801 θάλατταν
900 1761 1105 1811 θύσοντες,
1130 1760 1186 1808 εἰς
1204 1759 1276 1811 τὴν
1297 1760 1402 1799 ἰδίαν
1422 1759 1685 1806 διασώζονται.

254 1906 405 1952 Argum.
433 1918 504 1941 om.
531 1907 577 1950 L,
603 1905 754 1941 exhibet
782 1906 815 1941 G
929 1910 945 1940 1
975 1917 1066 1950 φησι
1092 1903 1158 1950 μὲν
1185 1904 1325 1950 ἐλθεῖν]
1352 1902 1545 1949 Vollgraff‚
1572 1913 1686 1947 φησιν

163 1959 288 1995 ἐλθεῖν
314 1959 380 2005 μὲν
408 1960 442 1995 G
537 1965 559 1995 4
585 1960 657 2005 μὴν
683 1958 739 2006 δὲ]
767 1958 839 2004 μήν
864 1971 904 2005 γε
930 1957 1125 1993 Kjrchhoff

1429 2936 1472 2972 1*

1714 1411 1756 1442 10

1714 1707 1756 1738 15
