1929 3208
764 126 990 159 HAEKTPA
1586 123 1637 163 17

297 233 383 287 ἤδη
415 233 498 287 γὰρ
532 229 656 274 εἶδον
687 234 822 274 παῖδα
854 233 1064 286 γενναίου
1096 232 1260 284 πατρὸς

297 304 346 345 τὸ
378 300 517 357 μηδὲν
549 304 669 356 ὄντα,
701 303 867 359 χρηστὰ
899 301 938 344 δ’
976 301 1023 344 ἐκ
1053 308 1200 344 κακῶν
1230 300 1375 356 τέκνα,
1574 313 1642 343 370

298 376 428 428 λιμόν
458 372 496 416 τ’
533 374 582 416 ἐν
614 374 777 429 ἀνδρὸς
806 375 1023 416 πλουσίου
1055 375 1320 428 φρονήματι,

298 445 478 500 γνώμην
511 444 559 487 δὲ
591 445 785 500 μεγάλην
817 445 865 488 ἐν
896 444 1050 500 πένητι
1083 444 1260 499 σώματι.

299 516 408 570 [πῶς
441 513 522 558 οὗν
553 533 618 567 τις
649 516 759 558 αὐτὰ
792 517 1017 570 διαλαβὼν
1050 515 1197 571 ὀρθῶς
1228 521 1388 570 κρινεῖ;

296 588 491 644 πλούτῳ,
522 592 701 644 πονηρῷ
734 585 775 641 γ’
811 584 896 641 ἆρα
926 589 1132 642 χρήσεται
1162 592 1299 641 κριτῇ.

295 657 322 712 ἢ
354 665 445 708 τοῖς
477 659 626 712 ἔχουσι
658 655 816 712 μηδέν;
849 654 946 698 ἀλλ’
983 657 1069 711 ἔχει
1102 657 1239 698 νόσον
1576 668 1643 699 375

296 730 438 781 πενία,
472 727 668 770 διδάσκει
701 725 745 768 δ’
783 727 925 781 ἄνδρα
956 733 1007 782 τῇ
1040 728 1164 783 χρεία
1195 727 1343 768 κακόν.

297 795 390 841 ἀλλ’
426 799 487 848 εἰς
518 796 614 840 ὅπλ’
652 797 821 847 έλθών;
854 799 919 848 τίς
951 795 999 839 δὲ
1030 799 1141 852 πρὸς
1173 799 1337 851 λόγχην
1369 795 1543 850 βλέπων

295 869 461 924 μάρτυς
493 867 654 923 γένοιτ’
693 867 747 910 ἂν
780 868 898 918 ὅστις
929 867 1048 910 ἐστὶν
1080 867 1270 922 ἁγαθός;

294 940 527 994 κράτιστον
559 941 650 995 εἰκῇ
683 937 802 981 ταῦτ’
842 938 919 981 ἐᾶν
952 938 1197 994 ἀφειμένα]

296 1007 426 1061 οὗτος
456 1012 539 1065 γὰρ
573 1010 684 1066 ἁνὴρ
717 1008 810 1052 οὔτ’
848 1009 896 1052 ἐν
922 1008 1136 1065 Ἀργείοις
1167 1010 1300 1065 μέγας
1577 1020 1644 1051 380

296 1080 388 1124 οὔτ’
426 1078 483 1124 αὖ
515 1083 693 1136 δοκήσει
726 1081 940 1136 δωμάτων
974 1080 1247 1136 ὠγκωμένος,

296 1152 344 1195 ἐν
374 1160 467 1203 τοῖς
498 1150 547 1194 δὲ
578 1156 759 1202 πολλοῖς
791 1152 853 1194 ὢν
886 1153 1063 1206 ἄριστος
1094 1151 1277 1207 ηὑρέθη.

297 1223 351 1265 οὐ
385 1224 442 1278 μὴ
475 1221 771 1279 ἀφρονήσεθ’,
803 1225 849 1265 οἳ
876 1230 1017 1265 κενῶν
1051 1223 1337 1278 δοξασμάτων

295 1296 475 1350 πλήρεις
505 1298 751 1348 πλανᾶσθε,
783 1300 835 1349 τῇ
869 1293 909 1336 δ’
945 1294 1094 1351 ὁμιλία
1125 1297 1313 1350 βροτοὺς

295 1373 481 1420 κρινεῖτε
513 1364 585 1407 καὶ
616 1372 708 1416 τοῖς
738 1365 898 1419 ἤθεσιν
929 1367 1033 1415 τοὺς
1065 1364 1278 1420 εὐγενεῑς;
1577 1378 1644 1407 385

297 1437 344 1479 οἱ
369 1437 453 1492 γὰρ
484 1442 679 1479 τοιοῦτοι
710 1434 782 1478 καὶ
813 1437 963 1486 πόλεις
994 1437 1196 1479 οἰκοῦσιν
1228 1432 1277 1478 εὖ

295 1505 368 1549 καὶ
400 1505 595 1563 δώμαθ’,
625 1507 675 1549 αἱ
703 1505 750 1548 δὲ
783 1507 939 1561 σάρκες
970 1507 1019 1549 αἱ
1045 1505 1168 1549 κεναὶ
1201 1513 1381 1562 φρενῶν

296 1576 506 1633 ἀγάλματ’
544 1577 707 1634 ἀγορᾶς
738 1579 864 1620 εἰσιν.
927 1576 1032 1620 οὐδὲ
1064 1579 1147 1633 γὰρ
1181 1577 1283 1632 δορὶ

296 1652 464 1703 μᾶλλον
495 1651 690 1705 βραχίων
722 1649 941 1703 σθεναρὸς
972 1649 1194 1699 ἀσθενοῦς
1224 1648 1368 1691 θένει·

297 1719 345 1762 ἐν
375 1725 426 1775 τῇ
458 1720 589 1774 φύσει
623 1718 671 1762 δὲ
703 1725 833 1762 τοῦτο
866 1719 948 1761 κάν
980 1719 1181 1776 εὐψυχία.
1577 1731 1644 1761 390

297 1788 390 1833 ἀλλ’
429 1790 548 1842 ἄξιος
578 1791 662 1846 γὰρ
695 1790 718 1832 ὅ
750 1806 795 1832 τε
826 1791 980 1846 παρὼν
1013 1791 1035 1832 ὅ
1067 1789 1106 1831 τ’
1145 1790 1198 1833 οὐ
1229 1792 1383 1847 παρὼν

292 1860 617 1916 Ἀγαμέμνονος
646 1868 763 1916 παῖς,
796 1857 932 1917 οὗπερ
966 1859 1092 1916 εἵνεχ’
1131 1862 1310 1917 ἥκομεν,

299 1929 511 1988 δεξώμεθ’
549 1936 684 1975 οἴκων
715 1933 991 1983 καταλύσεις·
1024 1940 1182 1989 χωρεῖν
1215 1934 1371 1989 χρεών,

299 2004 454 2058 δμῶες,
487 2004 637 2059 δόμων
668 2000 798 2046 τῶνδ’
837 2003 970 2054 ἐντός.
1033 2005 1091 2054 ὡς
1123 2003 1219 2059 ἐμοὶ
1251 2003 1385 2059 πένης

298 2078 364 2128 εἴη
396 2075 629 2130 πρόθυμος
658 2076 877 2117 πλουσίου
908 2078 1077 2130 μᾶλλον
1110 2073 1243 2125 ξένος.
1577 2087 1643 2117 395

301 2146 410 2187 αἰνῶ
443 2143 522 2200 μὲν
555 2142 638 2188 οὗν
668 2144 791 2188 τοῦδ’
830 2145 992 2200 ἀνδρὸς
1023 2146 1207 2201 ἐσδοχὰς
1239 2147 1402 2202 δόμων,

298 2215 545 2271 ἐβουλόμην
577 2215 617 2258 δ’
654 2217 723 2272 ἄν,
755 2218 797 2259 εἰ
825 2219 1086 2274 κασίγνητός
1117 2233 1168 2273 με
1200 2219 1277 2268 σὸς

217 2318 285 2349 369
311 2315 446 2361 παῖδα]
473 2314 709 2359 Hel-werden,
734 2315 856 2360 ἄνδρα
881 2315 959 2351 LG
1056 2320 1124 2351 370
1150 2314 1186 2351 δ’
1217 2316 1317 2351 Stob.
1345 2317 1422 2352 flor.
1450 2320 1510 2362 87,
1540 2321 1582 2351 10
1609 2320 1645 2351 et

123 2366 236 2402 Orion
263 2367 363 2402 anth.
392 2371 424 2411 8,
453 2371 484 2412 7,
510 2366 543 2402 τ’
573 2368 654 2403 LG-
751 2372 817 2403 371
845 2367 967 2415 λιμόν]
993 2368 1076 2403 fort.
1103 2366 1215 2404 πίνον
1313 2373 1380 2403 372
1408 2369 1464 2416 δὲ]
1492 2370 1643 2408 Seidler,

120 2433 159 2455 τε
184 2420 263 2455 LG
359 2424 522 2455 373-79
549 2421 688 2456 delevit
706 2421 957 2480 Wilamogvitz
1055 2425 1123 2456 373
1150 2427 1257 2467 κοινῆ
1286 2423 1331 2468 G,
1358 2429 1476 2468 κρινεῖ
1499 2435 1522 2469 y
1544 2424 1549 2469 Ι
1572 2422 1644 2466 ἄρα

122 2490 201 2525 LG
298 2495 366 2526 376
393 2491 537 2526 διδάσει
563 2491 597 2537 γ’
628 2492 722 2536 ἄνδρ
747 2497 790 2537 τῆ
823 2483 893 2538 χρα
920 2493 970 2538 G,
1007 2492 1175 2528 διδάσκει
1200 2492 1235 2539 γ’
1266 2493 1387 2538 ἄνδρα
1419 2499 1462 2539 τῆ
1494 2492 1598 2539 χρειά
1623 2505 1645 2538 9

218 2547 284 2578 377
313 2543 449 2590 ἐλθών]
474 2544 614 2589 Heath‚
642 2545 737 2580 ἔλθω
764 2546 841 2580 LG
962 2549 1030 2580 378
1063 2545 1209 2592 ἀγαθός
1233 2547 1311 2582 LG
1432 2550 1500 2581 380
1534 2546 1644 2592 ἀνὴρ]

124 2596 279 2640 Seidler‚
306 2596 400 2642 ἀνὴρ
421 2598 499 2632 LG
573 2602 640 2632 382
667 2605 746 2634 τοῑσ
771 2601 812 2634 δε
831 2599 877 2643 L,
902 2600 1023 2634 τοῖσδε
1049 2599 1083 2634 G
1105 2600 1109 2645 Ι
1132 2597 1267 2644 εὑρέθη
1289 2600 1366 2634 LG
1438 2603 1506 2634 383
1527 2599 1644 2644 ἀφρο-

122 2648 274 2696 νήσεθ’]
307 2650 493 2695 Badham,
531 2650 738 2696 φρονήσεθ’
768 2652 849 2687 LG
895 2654 899 2697 Ι
946 2652 989 2686 οὐ
1022 2651 1278 2696 σωφρονήσεθ’
1319 2652 1357 2686 L.
1394 2651 1556 2686 Dindorf

123 2707 191 2737 384
217 2704 359 2749 βροτῶν
385 2703 507 2738 Keene
604 2708 672 2739 385
698 2704 807 2748 ἤθεσι
832 2705 913 2739 LG
1009 2708 1077 2740 386
1102 2704 1241 2740 τοιοίδε
1274 2705 1374 2740 ὃίῑοὶ).
1401 2705 1477 2739 flor.
1505 2708 1560 2748 86,
1587 2709 1608 2738 4
1637 2706 1642 2752 Ξ

123 2757 202 2803 καὶ]
229 2755 356 2800 Cobet,
381 2756 541 2796 fch-LG
615 2761 682 2792 387
710 2758 814 2793 κεναὶ
841 2759 982 2804 βροτῶν
1002 2757 1182 2793 Stobaeus
1257 2761 1324 2792 388
1345 2755 1435 2801 δόρυ
1463 2756 1644 2792 Stobaeus

218 2812 285 2844 389
311 2807 432 2855 θένει]
458 2809 651 2855 Tyrwhitt‚
678 2809 777 2854 μένει
804 2810 880 2846 LG
978 2814 1045 2845 392
1072 2809 1194 2856 οὕνεχ’
1225 2811 1303 2845 LG
1409 2814 1477 2845 394
1504 2808 1644 2857 δόμων]

123 2862 207 2897 fort.
233 2864 358 2897 πυλῶν

194 2928 415 2963 Euripides,
436 2929 566 2956 Electra.
1363 2926 1383 2956 2
