1929 3208
785 165 948 197 EKABH
1573 164 1591 203 1
1601 163 1623 203 7

135 273 225 313 XO.
287 271 368 313 οὐκ
399 273 519 313 ἔστιν
551 272 665 314 οὕτω
697 272 878 325 στερρὸς
910 270 1153 325 ἀνθρώπου
1184 271 1336 325 φύσις,

284 342 378 396 ἥτις
408 344 540 396 γόους
573 345 678 392 σοὺς
708 341 780 384 καὶ
813 349 991 396 μακρῶν
1023 342 1284 396 ὀδυρμάτων

286 413 481 456 κλύουσα
512 415 712 467 θρήνους
744 413 824 454 οὐκ
855 412 910 454 ἂν
943 412 1119 466 ἐκβάλοι
1152 413 1301 467 δάκρυ.

133 492 224 530 ΟΔ.
277 486 457 544 Ἑκάβη,
490 490 704 532 διδάσκου
736 489 846 544 μηδὲ
877 495 936 546 τῷ
968 488 1240 546 θυμουμένῳ

283 562 360 603 τὸν
391 557 440 603 εὗ
473 560 656 615 λέγοντα
690 562 884 615 δυσμενῆ
916 567 1048 602 ποιοῦ
1079 563 1221 615 φρενί.
1557 572 1625 602 300

284 631 368 686 ἐγὼ
400 633 448 674 τὸ
480 630 560 686 μὲν
593 633 674 674 σὸν
706 630 814 686 σῶμ’
844 630 922 684 ὑφ’
954 628 1090 684 οὗπερ
1122 632 1347 686 ηὐτύχουν

284 701 437 760 σςόζειν
469 702 640 757 ἕτοιμός
672 704 759 757 εἰμι
790 702 898 744 κούκ
930 703 1072 752 ἄλλως
1104 701 1232 756 λέγω·

283 773 309 815 ἃ
342 774 381 816 δ’
411 771 534 816 εἶπον
566 775 627 823 εἰς
659 775 850 824 ἅπαντας
883 774 962 815 οὐκ
994 773 1260 829 ἀρνήσομαι,

288 847 448 898 Τροίας
479 844 668 899 ἁλούσης
699 843 830 898 ἀνδρὶ
861 850 920 901 τῷ
952 846 1110 902 πρώτῳ
1143 852 1334 898 στρατοῦ

284 916 368 969 σὴν
398 916 534 957 παῖδα
567 916 724 957 δοῦναι
758 916 949 970 σφάγιον
982 915 1285 972 ἐξαιτουμένῳ.
1559 928 1625 957 305

282 985 330 1028 ἐν
361 988 472 1043 τῷδε
504 987 587 1040 γὰρ
619 986 864 1040 κάμνουσιν
896 986 945 1027 αἱ
972 985 1130 1028 πολλαὶ
1162 989 1329 1040 πόλεις,

281 1057 387 1099 ὅταν
419 1073 483 1107 τις
515 1057 675 1106 ἐσθλὸς
706 1056 778 1098 καὶ
810 1059 1042 1112 πρόθυμος
1075 1058 1138 1099 ὢν
1170 1058 1281 1113 ἀνὴρ

282 1127 420 1183 μηδὲν
452 1126 637 1182 φέρηται
668 1135 757 1169 τῶν
788 1131 1009 1170 κακιόνων
1040 1128 1185 1171 πλέον,

280 1199 386 1254 ἡμῖν
419 1197 457 1240 δ’
492 1197 711 1254 Ἀχιλλεὺς
743 1198 862 1250 ἄξιος
892 1206 1038 1254 τιμῆς,
1070 1200 1224 1254 γύναι,

280 1271 437 1312 θανὼν
467 1268 577 1324 ὑπὲρ
608 1276 687 1324 γῆς
712 1267 920 1320 Ἑλλάδος
952 1269 1144 1312 κάλλιστ’
1175 1271 1298 1325 ἀνήρ.
1557 1284 1625 1313 310

282 1340 448 1383 οὔκουν
478 1339 570 1383 τόδ’
602 1341 807 1396 αἰσχρόν,
839 1342 878 1383 εἰ
908 1340 1114 1395 βλέποντι
1147 1339 1227 1396 μὲν
1259 1344 1374 1398 φίλω

281 1410 521 1467 χρώμεσθ’,
553 1410 645 1453 ἐπεὶ
677 1411 715 1453 δ’
748 1413 907 1462 ὄλωλε,
940 1413 998 1466 μὴ
1030 1410 1252 1467 χρώμεσθ’
1283 1414 1368 1463 ἔτι;

283 1480 389 1524 εἷεν·
419 1485 466 1524 τί
495 1480 586 1536 δῆτ’
619 1482 711 1536 ἐρεῖ
737 1498 821 1535 τις,
848 1484 904 1536 ἤν
935 1499 1000 1533 τις
1031 1480 1087 1524 αὗ
1119 1490 1237 1539 φανῇ

285 1559 473 1607 στρατοῦ
503 1549 540 1594 τ’
571 1554 775 1607 ἄθροισις
805 1557 1027 1608 πολεμίων
1058 1553 1096 1595 τ’
1127 1554 1314 1609 ἀγωνία;

281 1626 442 1677 πότερα
474 1620 718 1679 μαχούμεθ’
734 1623 774 1678 ἢ
807 1627 1190 1680 φιλοψυχήσομεν,
1557 1638 1623 1669 315

281 1696 358 1737 τὸν
390 1693 667 1737 κατθανόνθ’
699 1695 887 1749 ὁρῶντες
919 1696 972 1738 οὐ
1004 1697 1270 1751 τιμώμενονς

281 1764 352 1808 καὶ
383 1766 470 1820 μὴν
502 1767 648 1820 ἔμοιγε
682 1768 809 1817 ζῶντι
841 1766 941 1821 μέν,
974 1764 1077 1808 καθ’
1106 1767 1274 1822 ἡμέραν

282 1837 350 1879 κεί
379 1834 523 1892 σμίκρ’
555 1839 717 1892 ἔχοιμι,
747 1836 873 1879 πάντ’
905 1837 959 1879 ἂν
992 1839 1245 1893 ἀρκούντως
1278 1842 1386 1894 ἔχοι*

281 1909 451 1963 τύμβον
483 1906 531 1949 δὲ
562 1910 807 1963 βουλοίμην
839 1908 894 1950 ἂν
926 1908 1186 1964 ἀξιούμενον

284 1980 362 2021 τὸν
393 1978 499 2033 ἐμὸν
532 1979 742 2033 ὁρᾶσθαι·
775 1981 848 2021 διὰ
879 1987 1051 2034 μακροῦ
1081 1982 1164 2035 γὰρ
1197 1981 1224 2036 ἡ
1255 1982 1389 2036 χάρις.
1557 1993 1624 2023 320

282 2052 322 2092 εἰ
352 2048 391 2092 δ’
423 2051 573 2104 οἰκτρὰ
604 2051 787 2107 πάσχειν
819 2054 925 2106 φής,
956 2050 1052 2093 τάδ’
1083 2052 1300 2094 ἀντάκουέ
1328 2066 1429 2107 μου·

283 2119 393 2163 εἰσὶν
425 2118 527 2175 παρ’
557 2121 662 2176 ἡμῖν
696 2121 829 2164 οὐδὲν
860 2119 1000 2176 ἧσσον
1031 2124 1185 2164 ἄθλιαι

280 2199 429 2247 γραῖαι
460 2200 664 2245 γυναῖκες
695 2191 773 2246 ἠδὲ
804 2195 1045 2247 πρεσβῦται
1079 2193 1231 2247 σέθεν,

279 2263 450 2317 νύμφαι
481 2261 518 2304 τ’
550 2262 742 2318 ἀρίστων
773 2267 981 2319 νυμφίων
1012 2266 1278 2319 τητώμεναι,

280 2330 342 2376 ὧν
373 2335 451 2389 ἥδε
483 2335 635 2377 κεύθει
668 2334 829 2391 σώματ’
861 2334 999 2378 Ἰδαιά
1031 2338 1163 2386 κόνις.
1556 2348 1622 2378 325

103 2509 258 2555 Porson]
291 2511 406 2551 ὡύτὸς
433 2511 468 2546 G
498 2511 609 2551 αὐτὸς
634 2522 653 2546 r
686 2512 690 2556 Ι
726 2509 802 2546 οὔτ’
834 2511 946 2546 αὐτὸν
973 2513 1008 2547 A
1130 2516 1196 2546 296
1225 2513 1307 2558 οὐκ]
1339 2510 1392 2552 τίς
1424 2511 1622 2557 Gregorius

104 2562 183 2597 Cor.
210 2575 245 2608 p.
266 2567 311 2598 64
333 2565 338 2609 Ι
360 2562 476 2603 οὕτως
501 2565 584 2599 ΑΕ
609 2566 614 2608 Ι
642 2564 856 2608 ἀνθρώπων
881 2565 921 2599 Ε
1016 2568 1082 2599 297
1110 2564 1220 2610 γόους
1245 2566 1331 2604 σοὺς
1356 2564 1500 2609 scripsi]
1526 2563 1624 2609 γόων

105 2645 177 2674 σῶν
203 2638 290 2673 libri
370 2643 436 2674 301
465 2619 554 2684 σῶμ’
578 2641 618 2675 Ε
642 2647 743 2685 σῶμα
769 2643 805 2676 A
827 2644 832 2685 Ι
853 2642 1037 2687 ηὐτύχουν
1063 2653 1189 2676 omnes
1216 2641 1302 2675 libri
1387 2645 1454 2675 303
1481 2640 1624 2681 πάντας

104 2692 168 2738 ΕΙ
190 2691 414 2739 ἀρνήσομαι]
441 2692 523 2728 ΐοῑίῦ.
551 2693 754 2738 ἀναίνομαι
843 2698 910 2728 306
938 2695 978 2730 ἐν
1003 2696 1118 2742 τούτῳ
1145 2695 1212 2740 γὰρ
1239 2695 1444 2740 πάσχουσιν
1470 2695 1622 2728 Eustra-

103 2745 178 2780 tius
205 2745 244 2779 in
269 2745 423 2780 Aristot.
451 2746 524 2781 eth.
552 2759 586 2791 p.
607 2747 641 2780 1¹²
666 2747 783 2794 τούτῳ
809 2747 924 2782 etiam
948 2748 1018 2783 lex.
1039 2748 1199 2783 Vindob.
1227 2760 1261 2792 p.
1286 2751 1364 2790 187,
1388 2752 1429 2781 15
1453 2750 1458 2792 Ι
1480 2746 1623 2788 πόλλεις

104 2800 140 2834 A
237 2803 302 2833 311
331 2799 469 2834 οὔκουν
494 2800 543 2845 L]
570 2800 707 2834 οὐκοῦν
732 2812 752 2834 r
859 2804 926 2835 312
955 2801 1079 2847 ὄλωλε]
1107 2801 1234 2835 ἄπεστι
1262 2801 1300 2834 Ε
1407 2804 1474 2834 317
1502 2803 1622 2845 καθη-

103 2850 219 2896 μέραν
244 2853 369 2886 BEL
395 2863 485 2887 corr.
514 2853 534 2887 b
648 2856 716 2887 318
743 2853 805 2898 ἔχη
832 2854 872 2888 Ε
895 2867 930 2888 οι
956 2866 1035 2899 sup.
1061 2868 1083 2899 η
1111 2866 1177 2888 scr.
1205 2854 1264 2888 Ει
1291 2853 1350 2899 ἕχ*
1379 2854 1412 2887 L
1440 2854 1515 2899 ἔχοι
1542 2855 1554 2888 l

105 2909 171 2939 322
199 2906 267 2940 εἰσὶ
292 2905 415 2941 ELG
441 2919 462 2940 ν
488 2905 574 2940 add.
601 2906 614 2940 l
710 2910 778 2940 323
805 2907 1000 2953 πρεσβύτις
1025 2908 1060 2941 Β

174 2971 399 3005 Euripides,
419 2972 552 2998 Hecuba.
590 2972 644 2997 Ed.
665 2972 703 2997 11.
1318 2969 1338 3000 2
