1929 3208
239 180 264 218 (ἶ

253 2671 272 2692 σ
298 2659 396 2693 facto
426 2659 459 2692 G

252 2712 331 2746 LG

252 2763 384 2809 τέθην]
412 2764 620 2808 Musgrave,
645 2761 866 2807 προύθέμην
892 2763 937 2806 L,
963 2763 1182 2808 προυθέμην
1209 2762 1264 2797 lG

869 179 1138 212 ΕΥΡΙΠΙΔΟΥ

418 285 583 341 λέγοιμ’
621 288 687 329 ἄν.
750 283 894 340 ἦλθον
926 293 1040 340 τρεῖς
1071 284 1173 328 θεαὶ,
1205 286 1393 334 κάλλους
1424 285 1523 341 πέρι

415 357 575 399 Ἰδαῖον
608 358 651 407 ἐς
683 356 905 412 κευθμῶν’
938 356 1227 411 ἈἸλέξανδρον
1259 357 1390 411 πάρα,

406 427 523 482 ἽΙρα
560 429 728 483 Κύπρις
760 445 803 470 τε
838 430 1041 482 διογενής
1072 444 1115 469 τε
1148 427 1384 481 παρθένος,

417 507 590 554 μορφῆς
622 499 835 541 θέλουσαι
869 499 1223 554 διαπεράνασθαι
1255 500 1413 552 κρίσιν.

420 571 586 625 τούμὸν
621 569 667 612 δὲ
700 571 874 622 κάλλος,
906 572 946 612 εί
976 570 1111 612 καλὸν
1143 570 1191 611 τὸ
1226 569 1450 624 δυστυχές,

427 643 593 696 Κύπρις
624 640 874 695 προτει’νασ’
914 641 972 691 ὡς
1001 637 1285 695 Ἀλέξανδρος
1317 649 1460 695 γαμεῖ,

418 720 536 770 νικᾷ·
570 714 709 755 λιπὼν
744 711 789 755 δὲ
823 710 1070 767 βούσταθμ’
1104 710 1261 761 Ἰδαῑός
1295 712 1436 765 Πάρις

422 785 632 839 ,Σπάρτην
665 780 845 838 ἀφίκεθ’
881 784 939 834 ὡς
972 783 1077 838 ἐμὸν
1111 784 1287 838 σχήσων
1320 782 1453 838 λέχος.

409 855 525 911 ’Ἡρα
559 854 606 897 δὲ
639 853 876 910 μεμφθεῖσ’
915 853 1058 896 οὕνεκ’
1098 853 1152 896 οὐ
1185 859 1284 910 νικᾷ
1316 855 1438 907 θεάς,

421 925 663 982 ἐξηνέμωσε
695 925 793 981 τᾶμ’
825 924 1094 981 Ἀλεξάνδρῳ
1129 923 1246 979 λέχη,

422 1000 579 1040 δίδωσι
613 996 652 1039 δ’
690 997 770 1039 οὐκ
803 993 887 1052 ἔμ’,
921 995 1015 1038 ἀλλ’
1052 993 1290 1050 ὁμοιώσασ’
1326 994 1424 1051 ἐμοὶ

419 1071 608 1112 εἴδωλον
641 1071 838 1123 ἔμπνουν
871 1067 1066 1123 οὐρανοῦ
1098 1063 1295 1118 ξυνθεῐσ’
1331 1068 1431 1121 ἄπο,

424 1141 630 1195 Πριάμου
662 1140 867 1197 τυράννῳ
899 1140 1040 1181 παιδί·
1073 1137 1146 1180 καὶ
1179 1139 1302 1180 δοκεῖ
1330 1137 1374 1192 μ’
1411 1141 1527 1194 ἔχειν

421 1212 554 1265 κενὴν
589 1212 787 1264 δόκησιν,
821 1210 901 1252 οὐκ
933 1211 1058 1264 ἔχων.
1120 1210 1172 1250 τὰ
1205 1207 1244 1251 δ’
1281 1206 1338 1251 αὗ
1372 1211 1482 1260 Διὸς

421 1279 684 1336 βουλεύματ’
722 1281 831 1322 ἄλλα
863 1281 1010 1322 τοῖσδε
1044 1281 1276 1334 συμβαίνει
1308 1287 1476 1329 κακοῖς·

421 1356 614 1407 πόλεμον
646 1353 729 1407 γὰρ
763 1352 1015 1406 εἰσήνεγκεν
1042 1347 1265 1405 Ἑλλήνων
1296 1349 1429 1405 χθονὶ

421 1423 492 1466 καὶ
529 1422 668 1478 Φρυξὶ
702 1424 1003 1476 δυστήνοισιν,
1037 1422 1094 1472 ὡς
1126 1422 1260 1476 ὄχλου
1292 1423 1464 1476 βροτῶν

424 1497 627 1549 πλήθους
659 1510 703 1536 τε
735 1495 962 1548 κουφίσειε
995 1492 1158 1548 μητέρα
1190 1494 1334 1547 χθόνα

425 1568 597 1620 γνωτόν
628 1581 673 1607 τε
706 1567 808 1620 θείη
841 1565 919 1606 τὸν
951 1564 1186 1620 κράτιστον
1212 1561 1430 1614 Ἑλλάδος.

427 1641 619 1691 Φρυγῶν
653 1635 692 1678 δ’
729 1635 772 1686 ἐς
804 1635 941 1690 ἀλκὴν
974 1633 1230 1690 προυτέθην
1262 1634 1347 1689 ἐγὼ
1380 1633 1459 1690 μὲν
1492 1636 1562 1689 οὔ,

423 1709 471 1750 τὸ
506 1706 545 1750 δ’
582 1709 723 1762 ὄνομα
755 1707 935 1762 τούμόν,
969 1693 1113 1748 ἆθλον
1134 1704 1343 1760 ’Ἕλλησιν
1377 1707 1518 1761 δορός.

427 1780 574 1833 λαβὼν
609 1778 659 1820 δέ
688 1776 731 1833 μ’
763 1776 923 1832 “Ερμῆς
956 1777 1003 1819 ἐν
1035 1784 1268 1831 πτυχαῖσιν
1302 1775 1483 1832 αἰθέρος

429 1850 588 1906 νεφέλῃ
621 1849 836 1899 καλύψας·
872 1848 925 1890 οὐ
957 1848 1040 1902 γὰρ
1073 1845 1265 1901 ἠμέλησέ
1293 1863 1379 1901 μου

427 1923 551 1971 Ζεύς·
586 1918 706 1963 τόνδ’
744 1919 786 1969 ἐς
819 1916 943 1962 οἷκον
976 1916 1193 1973 Πρωτέως
1227 1918 1453 1973 ἱδρύσατο,

425 1993 603 2034 πάντων
635 1993 877 2046 προκρίνας
909 1989 1277 2045 σωφρονέστατον
1309 1992 1497 2045 βροτῶν,

427 2063 632 2119 ἀκέραιον
666 2063 724 2112 ὡς
755 2062 943 2116 σώσαιμι
976 2060 1186 2117 Μενέλεῳ
1221 2059 1356 2115 λέχος.

427 2135 544 2189 κάγὼ
577 2132 657 2189 μὲν
690 2130 846 2175 ἐνθάδ’
883 2130 985 2187 εἴμ’,
1019 2131 1042 2174 ὁ
1077 2130 1116 2173 δ’
1154 2133 1312 2181 ἄθλιος
1343 2134 1470 2182 πόσις

427 2203 657 2261 στράτευμ’
696 2204 912 2258 ἀθροίσας
943 2204 1018 2253 τὰς
1050 2202 1155 2257 ε’μάς
1186 2202 1439 2257 ἀναρπαγὰς

428 2281 548 2332 θηρᾷ
580 2273 816 2329 πορευθεὶς
843 2270 974 2315 Ἰλίου
1006 2273 1285 2327 πυργώματα.

430 2345 562 2401 ψυχαὶ
595 2344 642 2387 δὲ
675 2344 831 2387 πολλαὶ
866 2343 924 2386 δι’
960 2339 1025 2398 ἔμ’
1063 2342 1131 2385 ἐπὶ
1164 2345 1493 2399 Σκαμανδρίοις

432 2417 606 2471 ῥοαῖσιν
638 2418 823 2458 ἔθανον·
860 2415 881 2469 ἡ
915 2413 963 2456 δὲ
994 2414 1135 2455 πάντα
1167 2412 1288 2456 τλᾶσ’
1325 2415 1408 2468 ἐγὼ

428 2488 668 2542 κατάρατός
700 2488 786 2541 εἰμι
818 2485 891 2528 καὶ
924 2487 1039 2527 δοκῶ
1072 2483 1286 2541 προδοῦσ’
1323 2485 1429 2540 ε’μὸν

411 2715 454 2744 35
475 2709 660 2757 τυράννῳ]
681 2710 880 2753 Hermann,
906 2708 1092 2753 τυράννου
1112 2709 1199 2743 LG.
1239 2707 1308 2743 cfr.
1331 2708 1409 2743 Alo.
1433 2712 1523 2743 1150

1719 440 1795 470 25.

1723 796 1768 824 :50

1726 1151 1769 1180 35

1727 1505 1772 1534 40

1729 1859 1773 1889 45

1730 2213 1776 2243 50

350 2609 393 2639 -26
413 2603 564 2639 θέλουσι
590 2606 679 2638 mut.
702 2603 741 2637 in
766 2601 943 2638 θέλουσαι
964 2604 999 2638 L
1086 2607 1129 2637 27
1150 2601 1261 2642 κάλος
1283 2602 1315 2637 G
1396 2606 1439 2636 :28
1460 2600 1669 2646 προτείνασ’
1694 2614 1714 2636 τ
1734 2612 1777 2635 ex

592 2662 636 2691 34
663 2657 841 2702 οὐρανοῦ]
868 2656 952 2691 fort.
980 2654 1144 2700 αἰθέρος.
1197 2655 1266 2690 Cfr.
1295 2659 1362 2690 584
1386 2657 1390 2701 Ι
1413 2655 1503 2701 ἄπο]
1530 2654 1676 2698 Reiske‚
1705 2652 1776 2688 ὕπο

1601 2711 1645 2742 42
1665 2718 1778 2750 πρου-

1376 2766 1420 2796 42
1437 2774 1487 2805 sq.
1517 2761 1617 2796 delet
1641 2761 1679 2796 F.
1708 2760 1776 2800 Gu,

252 2816 421 2851 Schmidt
541 2821 585 2850 43
613 2815 731 2861 ἕλλησι
757 2816 846 2859 LG,
873 2814 1015 2860 ἕλλησιν
1041 2817 1053 2851 Z
1166 2819 1211 2850 48
1238 2813 1427 2862 Μενέλεῳ]
1454 2815 1597 2859 Portus,
1623 2811 1776 2859 μενέλεω

254 2872 332 2905 LG

414 2875 458 2904 49
487 2868 558 2914 εἰμί
579 2870 656 2903 LG
741 2873 782 2903 51
809 2867 915 2914 ἡλίου
937 2870 982 2912 G,
1009 2868 1102 2904 ἰλίου
1121 2882 1144 2915 {J
1224 2872 1266 2903 52
1288 2866 1570 2913 Σκαμανδρίαις
1589 2867 1776 2912 Aristoph.

255 2923 399 2958 Thesm.
429 2927 497 2958 864
594 2926 639 2956 54
665 2921 761 2966 ἐμών
786 2923 875 2956 mut.
903 2921 940 2956 in
967 2922 1055 2967 ἐμὸν
1083 2922 1117 2957 G
