1929 3208
695 142 940 178 APPENDIX
1523 143 1577 183 75

53 252 179 298 ἔλαβεν
211 251 399 286 Hermann
440 252 444 295 Ι
484 250 549 286 τὸν
582 250 669 294 ἐμὸν
698 277 703 283 .
733 279 738 284 .
766 249 897 295 ἔλαβον
931 249 1097 284 Badham
1135 249 1279 295 (ἔλαχον
1305 249 1541 290 Herwerden)

53 306 178 351 ἔλαχεν
204 304 292 339 olim
319 304 548 339 coniciebam

147 361 213 393 790
245 355 328 403 βίον
361 357 423 392 Ge.
459 357 609 392 Sehmid
649 359 653 401 Ι
695 356 808 401 ἔρημα
847 356 1052 399 Hermann,
1091 355 1130 391 ἐν
1168 355 1300 405 ἐρημίᾳ
1339 355 1482 391 Seidler

52 416 119 446 793
145 409 321 455 ταλαίνης
346 417 472 454 πρῶτα
498 410 694 445 Kirchhoff
713 412 717 454 Ι
739 416 817 449 πῶς
842 408 899 451 δέ;
927 415 998 444 ποῦ
1021 408 1132 454 ’στινς
1158 410 1206 450 ὡς
1239 409 1306 444 ἴδω
1333 410 1540 445 Wakefield
1570 410 1574 451 Ι

52 471 139 505 παῖς
165 463 205 500 δὲ
230 464 375 500 Dobree
468 468 535 498 796
550 476 602 508 sq.
631 462 768 507 αἰθέρα
794 476 866 497 που
892 461 1014 506 πρόσω
1037 464 1041 507 Ι
1065 467 1131 508 γᾶς
1150 462 1247 497 Weil
1345 467 1410 498 799
1437 461 1577 510 <τόδ’>

51 516 144 562 οἷον,
170 514 250 553 οἷον
283 517 393 563 ἄλγος
425 517 571 553 ἔπαθον
598 516 798 563 <τλάμων>
824 516 1031 559 Hermann,
1065 517 1129 550 aut
1161 513 1241 550 οἷον
1274 515 1385 561 ἄλγος
1417 516 1575 559 ἔπαθον,

51 569 156 615 φίλαι.
183 572 249 605 aut
274 568 355 606 οἷον
381 568 462 605 οἷον
487 568 598 616 ἄλγος
625 570 771 604 ἔπαθον
796 569 966 603 Badham
989 571 993 613 Ι
1017 568 1162 612 ἔμαθον
1187 568 1397 604 Wakefield

146 632 330 664 800-807
353 628 454 664 delet
473 628 729 673 Klinkenberg
809 631 877 662 803
898 627 1033 672 μητρὸς
1053 626 1092 661 δὲ
1113 626 1225 668 ποίας
1244 626 1358 671 {ovim
1386 639 1429 662 ex
1450 639 1575 674 apogr.

53 681 168 716 Paris.
195 681 306 726 vulgo
332 683 418 716 ante
444 680 722 716 Kirchhoffium.
776 683 850 715 ΠΡ.
878 680 1012 725 μητρὸς
1045 679 1085 714 δὲ
1115 679 1226 721 ποίας
1251 679 1365 725 §otim
1404 683 1482 716 XO.
1510 681 1577 716 οὐκ

52 735 120 781 ἔχω
153 733 310 780 φράσαι,
343 735 507 770 versibus
534 738 731 769 800-802
765 733 915 778 deletis,
950 733 1142 769 Enthoven
1277 738 1344 769 806
1372 733 1509 779 σκηνάς
1541 733 1572 768 τ’

52 787 308 833 Klinkenberg
404 791 472 822 808
500 789 556 823 σοὶ
584 787 652 833 γὰρ
679 794 843 823 συννοσῶ
869 787 995 822 Naber

146 851 214 883 815
230 860 280 892 sq.
309 847 409 883 delet
432 847 656 882 Herwerden
772 851 838 882 816
866 847 914 887 ὡς
938 846 1079 895 λάθρᾳ]
1105 845 1230 882 αἰτίαν
1257 847 1482 882 Herwerden

56 905 123 936 818
151 899 278 946 ὅμοιος
303 901 353 936 ὥν
380 914 434 941 τις
460 930 466 935 .
495 930 501 936 .
529 899 663 946 φέρων,
689 900 759 935 nisi
786 913 816 935 ν,
844 899 990 945 spurius
1017 900 1076 944 sit,
1102 900 1327 936 Herwerden

147 964 215 995 820
235 959 348 995 etiam
376 958 596 1005 ἐξενωμένος
614 960 714 995 Beck
737 962 741 1005 Ι
764 963 830 994 825
852 957 915 994 καί
942 958 974 993 σ’
1005 959 1024 994 ὁ
1044 959 1243 1003 Hermann,
1269 958 1364 994 ὥσθ’
1395 959 1413 995 ὁ
1433 959 1547 1004 Paley
1572 959 1576 1002 ἶ

53 1014 71 1049 ὁ
99 1012 140 1049 δέ
165 1012 197 1048 σ’
228 1013 409 1058 ἐψεύσατο
435 1013 591 1058 Camper
722 1017 789 1047 826
816 1013 880 1048 καὶ
912 1011 1033 1047 πλέκει
1060 1012 1308 1055 Valckenaer,
1341 1013 1404 1047 καὶ
1436 1010 1578 1047 πλέκων

54 1066 271 1102 Heimsoeth
375 1069 441 1101 827
458 1078 535 1110 sqq.
563 1065 680 1106 τοίας·
709 1064 804 1113 δόλῳ
831 1079 890 1101 νιν
915 1064 1094 1110 ἀναφέρει
1121 1064 1153 1100 τ’
1185 1065 1221 1106 ἐς
1246 1066 1310 1101 τὸν
1336 1065 1430 1101 θεὸν
1455 1071 1583 1100 καινοῐ

52 1133 89 1155 τε
118 1149 123 1155 .
153 1149 158 1155 .
186 1119 383 1163 συνήντετο
410 1121 492 1163 (830
507 1121 585 1165 sq.)‚
613 1119 732 1154 ἐλθὼν
757 1118 809 1163 δέ,
836 1119 968 1163 καιρὸν
994 1118 1197 1165 λαμβάνειν
1222 1117 1345 1154 θέλων
1371 1117 1507 1164 χρόνου
1536 1147 1541 1152 .
1571 1148 1576 1153 .

54 1180 120 1219 γῆς
151 1175 233 1218 (828
248 1175 316 1217 sq.)
342 1172 482 1218 Kuiper
612 1176 679 1207 828
713 1172 803 1207 ἑλὼν
829 1171 869 1208 δὲ
896 1171 1031 1207 canter
1070 1174 1074 1217 Ι
1114 1173 1237 1218 λαβὼν
1269 1172 1340 1215 (vel
1374 1173 1505 1216 εὑρὼν)
1538 1170 1578 1206 δὲ

54 1227 185 1270 καιρὸν
224 1225 374 1271 φθόνον
405 1226 622 1270 ἀμύνασθαι
660 1224 782 1261 θέλων
813 1225 965 1269 Jacobs,
1004 1225 1124 1261 ἐλθὼν
1163 1225 1203 1260 δὲ
1242 1226 1303 1260 καὶ
1341 1226 1406 1260 τὸν
1443 1223 1580 1271 χρόνον

53 1278 277 1324 ἀμέργεσθαι
312 1277 433 1314 θέλων
458 1279 594 1322 Bothe,
627 1280 748 1325 λαβὼν
774 1278 810 1314 δ’
842 1279 985 1314 ἐκεῖνον
1012 1277 1132 1324 φόνον
1158 1278 1228 1314 unffi.
1255 1279 1443 1314 Reuscher
1477 1279 1481 1322 Ι
1517 1278 1580 1313 καὶ

56 1361 61 1366 .
91 1362 97 1368 .
125 1331 262 1379 θέλων]
290 1333 351 1367 καὶ
378 1333 442 1367 τὸν
468 1332 547 1377 (σὸν
573 1332 609 1368 C.
637 1332 814 1377 Conradt)
840 1330 991 1377 φθόνον
1017 1332 1226 1376 ἀμύνεσθαι
1253 1329 1398 1366 σθένων
1425 1330 1579 1373 Seidler,

54 1384 147 1420 κατὰ
174 1385 239 1420 τὸν
263 1383 410 1430 χρόνον,
442 1385 652 1429 ἀμύνεσθαι
677 1384 798 1421 θέλων
823 1386 1029 1429 Hermann,
1065 1388 1181 1432 καιρῷ
1207 1383 1344 1430 χρόνον
1369 1384 1579 1429 ἀμύνεσθαι

54 1436 174 1473 θέλων
199 1438 387 1483 Hartung,
420 1438 550 1482 μικρὸν
582 1437 728 1484 χρόνον,
760 1437 971 1484 ἀμύνοντας
1001 1437 1043 1473 θ’
1081 1437 1171 1472 ἑλών
1203 1437 1388 1480 Badham,
1421 1437 1484 1472 καὶ
1515 1437 1580 1472 τὸν

54 1489 206 1535 φθόνον
242 1491 502 1535 ἀμαυροῦσθαι
548 1489 670 1527 θέλων
706 1492 766 1527 vel
805 1493 868 1527 καὶ
905 1492 970 1527 τὸν
1008 1489 1158 1535 φθόνον
1196 1491 1411 1535 ἀμύνασθαι
1458 1492 1580 1525 δοκῶν

54 1544 218 1590 Madvig,
245 1546 305 1579 καὶ
333 1545 398 1579 τὸν
418 1543 553 1590 χρόνον
572 1544 807 1589 ἀμυνάθοντ’
838 1545 929 1591 ἔχων
949 1545 1019 1589 (vel
1040 1545 1251 1589 ἀμυναθεῖν
1272 1542 1405 1589 μένων)
1425 1544 1579 1588 Kayser,

55 1598 186 1641 καιρὸν
212 1598 480 1644 εὐλαβούμενος
505 1596 604 1638 τέλος
623 1598 850 1643 Heimsoeth‚
877 1599 1009 1641 καιρὸν
1034 1601 1083 1645 τῷ
1109 1595 1228 1644 χρόνῳ
1253 1595 1325 1632 τιν’
1355 1597 1502 1632 εἰσιδὼν
1523 1597 1578 1632 vel

55 1655 170 1698 καιρῷ
195 1649 338 1695 θρόνον
358 1649 578 1697 ἀμείβεσθαι
604 1649 726 1686 θέλων
746 1651 834 1686 olim
855 1650 1095 1695 coniciebam,
1122 1650 1254 1693 καιρὸν
1274 1648 1377 1685 τοῦδ’
1409 1648 1576 1694 ἀμείνον’

55 1705 88 1739 εἰ
112 1703 218 1751 λάβοι
242 1704 478 1747 Herwerden,
505 1704 567 1738 καὶ
592 1704 632 1738 τὸ
660 1710 751 1750 χρῆν
777 1705 985 1749 ἀμύνεσθαι
1014 1703 1135 1739 θέλων
1161 1703 1321 1738 Holzner

150 1767 218 1798 830
243 1763 375 1798 καινὸν
400 1761 477 1798 τόδ’
508 1762 636 1808 οὔνομ’
669 1793 674 1798 ,
703 1791 710 1798 .
738 1762 989 1808 πεπλασμένος
1014 1763 1071 1798 vel
1098 1769 1224 1798 καινοῐ
1248 1762 1417 1797 Badham
1446 1764 1449 1805 Ι
1479 1765 1584 1798 καλεῖ

55 1817 197 1862 Kayser
230 1817 234 1862 Ι
269 1816 342 1851 ἀνὰ
367 1815 482 1861 μόρον
507 1816 667 1851 Holzner
788 1821 855 1852 830
870 1829 922 1861 sq.
951 1815 1082 1852 καινόν
1107 1829 1145 1851 τε
1175 1845 1180 1850 .
1209 1845 1214 1851 .
1237 1813 1352 1860 Ἴων’,
1379 1827 1485 1850 versu
1511 1819 1579 1850 829

54 1872 140 1916 post
158 1873 222 1904 831
245 1869 482 1915 transposito,
508 1869 705 1915 Musgrave
784 1874 947 1904 836-42
969 1869 1089 1904 versui
1116 1873 1181 1904 831
1211 1868 1349 1904 subicit
1367 1869 1485 1904 Bothe

56 1927 123 1958 836
150 1923 221 1958 κάν
245 1921 331 1970 τῷδ’
363 1922 425 1958 Ge.
447 1922 609 1967 Schmid,
635 1929 759 1958 κακῶν
785 1922 820 1957 δ’
844 1923 882 1958 F.
905 1923 973 1958 Gu.
995 1922 1162 1957 Schmidt
1185 1923 1189 1968 Ι
1213 1923 1275 1957 καὶ
1302 1921 1412 1957 τῶνδ’
1443 1921 1462 1957 ὃ
1489 1921 1580 1957 πάν-

56 1991 128 2012 των
153 1976 340 2011 Hermann
472 1980 538 2010 837
567 1977 700 2021 δούλης
731 1976 814 2011 τινὰ
847 1976 885 2011 F.
913 1975 981 2011 Gu.
1009 1975 1177 2011 Schmidt
1310 1979 1377 2010 838
1408 1973 1510 2021 ἄγων
1536 1976 1579 2010 H.

57 2030 265 2075 Stephanus
362 2033 429 2063 839
457 2028 627 2074 ἐγγενοῦς
651 2029 849 2064 Markland

150 2087 218 2118 840
244 2082 378 2127 μητρὸς
403 2081 522 2117 νόθον
547 2094 586 2127 γε
612 2083 682 2125 (vel
708 2081 910 2128 τραφέντα)
937 2083 1004 2127 σὴν
1031 2082 1127 2126 ὁρῶν
1153 2082 1190 2116 F.
1219 2082 1286 2116 Gu.
1317 2081 1484 2116 Schmidt

57 2141 124 2171 842
165 2134 284 2182 γόνων
321 2135 377 2170 vel
413 2134 572 2180 ’κγόνων
609 2136 753 2171 Dobree
887 2140 954 2171 845
993 2137 1055 2171 καὶ
1094 2134 1321 2180 φαρμάκοισι
1361 2135 1487 2170 Naber

57 2193 125 2224 846
138 2201 190 2233 sq.
223 2191 347 2233 μολεῖν
381 2189 385 2234 Ι
420 2190 478 2223 δεῖ
508 2187 560 2223 σ’·
595 2189 627 2223 εἰ
659 2187 694 2224 δ’
725 2189 894 2234 ὑφήσεις,
926 2187 1029 2224 τοῦδ’
1059 2191 1112 2233 (et
1137 2192 1204 2223 844
1232 2187 1252 2233 ἢ
1284 2187 1366 2233 γὰρ)
1393 2188 1581 2223 Hermann

152 2246 218 2277 847
251 2243 299 2282 ὡς
332 2241 369 2276 εἴ
396 2241 429 2287 γ’
465 2241 618 2286 ὑφήσεις
650 2243 686 2276 L.
720 2242 893 2284 Dindorf,
927 2241 993 2278 ἐὰν
1024 2243 1122 2288 ὑφῇς
1154 2240 1222 2287 γὰρ
1256 2241 1338 2284 Fix,
1372 2241 1404 2276 εἰ
1437 2241 1505 2287 γὰρ
1539 2242 1582 2275 σὺ

58 2295 175 2340 φείσει
202 2295 369 2330 Badham
393 2297 397 2340 Ι
420 2295 452 2329 εἰ
478 2294 546 2340 γάρ
574 2294 607 2340 γ’
638 2295 792 2339 ὑφήσεις
815 2294 914 2330 τοῦτ’
939 2295 1068 2336 Bothe,
1096 2295 1128 2329 εἰ
1155 2293 1223 2340 γάρ
1249 2293 1282 2328 σ’
1312 2293 1466 2339 ὑφήσεις
1491 2292 1578 2340 τῷδ’

56 2348 260 2390 Kirchhoff,
287 2348 319 2383 εἰ
345 2347 413 2394 γὰρ
441 2348 616 2392 παρήσεις
641 2347 739 2383 τοῦτ’
770 2348 858 2384 olim
883 2348 1108 2383 Herwerden

153 2411 218 2443 851
248 2405 509 2443 ἐπεισελθόνθ’
541 2407 632 2452 ὁμοῦ
652 2407 811 2443 Holznei·
890 2412 957 2442 853
985 2414 1057 2442 σῶν
1084 2420 1119 2442 τε
1141 2407 1337 2452 Μυεὲτᾶηνθ
1418 2409 1484 2439 859
1507 2411 1582 2444 πῶς

58 2461 159 2496 delet·
183 2461 378 2506 Musgrave

153 2518 220 2549 860
240 2520 318 2554 πῶς
343 2512 377 2548 δ’
408 2514 451 2548 οὐ
472 2513 643 2548 Schliack
735 2518 803 2549 860
815 2526 866 2558 sq.
887 2512 1102 2558 ἀναφήνασ’
1129 2542 1134 2548 .
1158 2542 1163 2548 .
1187 2513 1316 2552 αἰδοῦς
1343 2511 1581 2555 ἀπολειφθῶ;

60 2568 198 2602 Barnes
323 2570 390 2600 863
418 2567 509 2609 πρὸς
533 2565 567 2601 τί
593 2566 628 2601 δ’
658 2567 811 2611 Reiske,
844 2567 936 2610 πρὸς
961 2565 995 2601 τί
1020 2567 1147 2601 Naber
1175 2567 1179 2612 Ι
1208 2563 1322 2610 ἀγῶν’
1353 2564 1403 2598 ἔτι
1431 2564 1581 2608 Burges,

59 2618 171 2666 ἀγῶν’
203 2617 250 2654 αὖ
269 2619 452 2653 Matthiae
537 2623 605 2653 864
626 2620 685 2666 οὐ]
712 2619 825 2654 etiam
851 2620 884 2654 εἰ
902 2619 1047 2654 Dobree
1133 2623 1200 2654 865
1222 2615 1437 2661 στερόμεσθ’
1468 2616 1581 2650 οἷ’κων

60 2673 203 2707 Dobree
301 2676 368 2706 766
395 2672 539 2716 φρούδη
567 2671 602 2706 δ’
633 2672 734 2712 ἐλπὶς
758 2672 825 2717 τὴν
850 2672 983 2707 Nauck

154 2729 218 2759 871
249 2725 349 2759 delet
375 2725 436 2759 Ge.
465 2725 614 2759 Schmid
744 2729 812 2759 872
845 2726 1016 2771 (εὐύδρου
1047 2724 1214 2768 Madvig)
1344 2727 1412 2757 873
1439 2720 1582 2757 πότναν

61 2776 228 2813 ἄνασσαν
253 2777 407 2822 Duport,
434 2777 709 2813 ποτνιάνασσαν
735 2778 929 2813 Kirchhoff
1021 2782 1088 2812 874
1104 2789 1156 2821 sq.
1185 2777 1232 2817 ὡς
1258 2776 1376 2821 ἔργοις
1403 2776 1580 2810 ἀποτισα-

61 2829 151 2875 μένη
176 2830 317 2865 Faehse
449 2834 517 2864 875
543 2829 807 2875 ἀπονιψαμένη
836 2831 1016 2877 Scaliger,
1049 2828 1317 2873 ἀποσεισαμένη
1349 2829 1486 2863 Barnes

63 2887 131 2918 877
159 2883 272 2919 etiam
298 2883 394 2918 κακὰ
420 2883 650 2930 βουλευθεῐσ’
679 2885 832 2929 Barnes,
856 2881 1183 2930 καταβονλευθεῒσ’
1213 2882 1348 2917 Reiske
