1929 3208
262 168 273 208 1
287 168 310 207 8
884 168 1152 203 ΕΥΡΙΠΙΔΟΥ

436 276 478 325 ἐς
511 276 803 331 εὐτυχοῦντας
835 273 941 330 ἦγεν
973 276 1172 331 εὐτυχῶν
1204 278 1381 331 δόμους.

435 351 540 396 ἴσως
574 346 614 386 δ’
650 346 705 388 ἂν
739 348 887 389 ἔλθοι·
926 348 1086 397 Λοξίου
1119 349 1202 402 γὰρ
1235 348 1413 402 ἔμπεδοι

435 419 637 472 χρησμοί,
670 421 844 473 βροτῶν
878 417 923 459 δὲ
957 419 1171 473 μαντικὴν
1204 420 1373 474 χαίρειν
1406 419 1472 461 ἐῶ.
1712 431 1782 460 4οο

282 527 371 566 XO.
435 531 518 566 νῦν
552 524 576 579 ἢ
609 525 829 578 πάροιθεν
860 528 1041 579 μᾶλλον,
1071 523 1296 580 Ἠλέκτρα,
1330 526 1439 582 χαρᾷ

434 597 799 650 θερμαινόμεσθα
831 596 1039 651 καρδίαν·
1074 600 1178 646 ι”σως
1210 597 1292 651 γὰρ
1326 595 1381 637 ι’)ὶν

433 669 559 720 μόλις
589 663 876 721 προβαι’νουσ’
913 666 940 720 ἡ
973 667 1080 722 τύχη
1115 668 1241 721 σταίη
1274 670 1426 717 καλῶς.

275 740 373 780 HA.
437 735 470 779 ὦ
502 741 681 793 τλῆμον,
715 738 843 788 εἰδὼς
876 738 1090 793 δωμάτων
1121 740 1274 793 χρείαν
1307 737 1440 780 σέθεν

431 811 476 850 τί
504 806 656 851 τούσδ’
687 809 819 860 ἐδέξω
851 812 1052 864 μείζονας
1085 815 1251 851 σαυτοῦ
1283 807 1453 860 ξένους;
1714 820 1782 850 405

272 879 369 921 AY.
431 881 477 921 τί
506 877 570 931 δ’;
603 884 723 934 εἴπερ
756 878 868 922 εἰσὶν
902 880 961 930 ὡς
993 881 1204 923 δοκοῦσιν
1237 880 1443 934 εὐγενεῖς,

432 951 513 993 οὐκ
546 953 594 993 έν
625 967 669 993 τε
702 958 874 1006 μικροῖς
906 952 954 992 ἔν
985 967 1029 993 τε
1062 952 1118 1006 μὴ
1152 949 1377 1006 στέρξουσ’
1415 951 1554 1005 ὁμῶς;

275 1024 375 1063 HA.
438 1022 534 1064 ἐπεί
560 1039 645 1064 νυν
677 1022 909 1078 ἐξήμαρτες
942 1021 989 1064 ἐν
1016 1030 1270 1077 σμικροῖσιν
1302 1023 1379 1076 ὥν,

432 1092 525 1135 ἔλθ’
565 1094 623 1144 ὡς
654 1094 842 1135 παλαιὸν
875 1094 1045 1147 τροφὸν
1077 1093 1184 1148 ἐμοῦ
1216 1095 1350 1148 φίλον
1381 1095 1559 1150 πατρός,

433 1164 480 1214 ὃς
511 1163 624 1219 ἀμφὶ
656 1166 853 1219 ποταμὸν
893 1164 1068 1206 Τάναον
1096 1161 1292 1219 Ἀργείας
1324 1165 1456 1219 ὅρους
1714 1176 1783 1207 410

432 1235 648 1290 τέμνοντα
679 1238 806 1290 γαίας
839 1235 1163 1290 Σπαρτιάτιδός
1194 1251 1238 1277 τε
1271 1242 1350 1289 γῆς

432 1308 643 1361 ποίμναις
675 1307 858 1362 ὁμαρτεῖ
886 1308 1042 1356 πόλεος
1075 1305 1409 1361 ἐκβεβλημένος·

432 1376 582 1419 κέλευε
616 1377 655 1419 δ’
693 1377 829 1420 αὐτὸν
863 1377 906 1428 ἐς
937 1379 1102 1432 δόμους
1133 1376 1391 1432 ἀφιγμένων

434 1448 585 1490 ἐλθεῖν
617 1447 754 1500 ξένων
785 1445 827 1490 τ’
864 1447 906 1498 ἐς
939 1448 1066 1489 δαῖτα
1098 1449 1323 1502 πορσῦναί
1349 1463 1459 1490 τινα.

432 1520 680 1574 ἡσθήσεταί
707 1535 774 1562 τοι
806 1517 879 1561 καὶ
910 1519 1196 1574 προσεύξεται
1227 1523 1368 1573 θεοῖς,
1713 1529 1782 1560 415

435 1589 558 1642 ζῶντ’
595 1591 856 1640 εἰσακούσας
887 1588 1011 1632 παῖδ’
1048 1588 1100 1631 ὃν
1131 1588 1306 1646 ἐκσῴζει
1336 1588 1452 1633 ποτέ.

436 1662 489 1704 οὐ
522 1663 604 1716 γὰρ
637 1659 853 1719 πατρῴων
886 1660 933 1703 ἐκ
966 1662 1116 1716 δόμων
1148 1661 1310 1715 μητρὸς
1340 1661 1457 1715 πάρα

434 1733 644 1788 λάβοιμεν
676 1734 731 1774 ἄν
762 1745 825 1774 τι·
857 1732 990 1787 πικρὰ
1024 1729 1066 1773 δ’
1103 1731 1382 1787 ἀγγείλαιμεν
1414 1733 1482 1786 ἄν,

432 1805 472 1846 εἰ
503 1802 626 1854 ζῶντ’
650 1802 858 1859 Ὀρέστην
889 1803 915 1857 ἡ
948 1800 1117 1844 τάλαιν’
1155 1799 1348 1844 αἴσθοιτ’
1385 1804 1459 1845 ἔτι.

272 1875 370 1918 AY.
433 1874 546 1928 ἀλλ’,
579 1876 620 1917 εἰ
649 1875 773 1917 δοκεῖ
802 1887 886 1927 σοι,
919 1871 1071 1916 τούσδ’
1107 1873 1338 1928 ἀπαγγελῶ
1370 1876 1531 1929 λόγους
1711 1886 1779 1916 420

432 1945 623 2002 γέροντι·
657 1947 788 2002 χώρει
821 1941 864 1988 δ’
901 1944 944 1995 ές
977 1946 1142 2000 δόμους
1175 1945 1282 1987 ὅσον
1313 1945 1443 2001 τάχος

433 2016 505 2060 καὶ
537 2018 703 2059 τᾶνδον
736 2016 928 2072 ἐξάρτυε.
991 2016 1132 2058 πολλά
1164 2031 1232 2057 τοι
1264 2016 1379 2070 γυνὴ

434 2085 642 2144 χρῄζουσ’
678 2087 734 2130 ἂν
769 2088 891 2143 εὕροι
925 2085 1040 2129 δαιτὶ
1072 2089 1433 2142 προσφορήματα.

436 2162 556 2201 ἔστιν
589 2156 637 2201 δὲ
671 2160 726 2213 δὴ
758 2159 950 2201 τοσαῦτά
983 2155 1022 2212 γ’
1059 2157 1107 2199 ἐν
1140 2158 1294 2212 δόμοις
1325 2159 1404 2212 ἔτι,

435 2228 549 2271 ὥσθ’
587 2229 635 2271 ἔν
666 2226 707 2283 γ’
744 2227 808 2271 ἐπ’
844 2226 960 2283 ἦμαρ
993 2229 1151 2270 τούσδε
1183 2231 1411 2282 πληρῶσαι
1443 2231 1589 2284 βορᾶς.
1711 2241 1784 2271 425

435 2301 482 2342 έν
514 2309 605 2350 τοῖς
636 2302 853 2350 τοιούτοις
886 2299 923 2341 δ’
962 2295 1076 2354 ἡνίκ’
1115 2298 1170 2340 ἂν
1201 2300 1352 2354 γνώμη
1386 2298 1511 2355 πέσῃ,

353 2439 421 2470 407
459 2434 619 2478 ott-‘gova'
650 2435 746 2479 LG,
784 2434 822 2470 in
848 2433 1005 2469 Victorii
1043 2433 1197 2478 exempl.
1231 2433 1373 2468 Monac.
1413 2433 1488 2468 alia
1524 2445 1655 2468 manus
1693 2436 1785 2479 (non

257 2488 430 2534 Victorii)
459 2488 496 2523 in
522 2500 637 2534 marg.
667 2488 783 2523 adscr.
811 2502 864 2533 γρ.
893 2485 1074 2531 στέρξουσ’
1109 2488 1113 2531 Ι
1146 2486 1241 2531 ὁμῶς
1267 2487 1312 2531 L,
1340 2485 1435 2531 ὅμως
1462 2487 1495 2521 G
1603 2491 1671 2522 409
1698 2486 1785 2531 ἐμοῦ

259 2541 384 2588 φίλον]
413 2541 577 2586 Camper,
605 2541 692 2585 ἐμὸν
719 2539 829 2585 φίλου
856 2541 944 2583 LG,
972 2540 1059 2584 ἐμοῦ
1086 2538 1196 2584 φίλου
1216 2540 1403 2575 Vieborius
1520 2544 1588 2575 410
1618 2539 1785 2586 Τάναον]

257 2596 296 2630 L.
324 2594 497 2637 Dindorf,
536 2594 676 2629 ταναὸν
702 2594 780 2628 LG
901 2597 968 2627 41⁴2
1007 2591 1158 2639 πόλεος]
1196 2593 1412 2639 Musgrave,
1449 2592 1588 2633 πόλεως
1614 2593 1691 2628 LG

259 2652 328 2682 413
356 2648 484 2694 αὐτὸν]
513 2647 689 2692 Scaliger,
717 2647 831 2681 αὐτὸν
856 2645 960 2681 τόνδ’
991 2647 1095 2690 LG!
1124 2645 1356 2693 ἀφιγμένων]
1384 2646 1550 2691 Camper,
1578 2644 1785 2691 ἀφιγμένον

259 2701 337 2736 LG
410 2706 480 2736 414
495 2707 677 2745 πορσῦναι
692 2701 737 2744 L,
764 2700 945 2743 woooi‘voct
967 2699 1021 2734 ZG
1043 2701 1048 2744 l
1071 2700 1154 2734 fort.
1176 2698 1290 2741 ξένων
1311 2699 1347 2740 ἐς
1366 2701 1477 2734 δαῖτα
1495 2698 1731 2743 πορσύνοντά
1750 2711 1785 2732 τι

355 2758 422 2789 415
438 2766 489 2799 sq.
519 2755 605 2788 ante
631 2757 699 2788 413
726 2752 938 2798 transponit
962 2753 1003 2786 A.
1027 2752 1194 2787 Schmidt
1290 2757 1358 2787 416
1385 2754 1504 2788 παῖδα
1527 2753 1573 2797 L,
1600 2751 1706 2787 παῖδ’
1732 2751 1785 2786 lG

355 2812 423 2842 424
449 2807 620 2842 Electrae
645 2809 735 2842 nota
760 2806 923 2851 praefixa
948 2805 987 2839 in
1013 2806 1091 2840 LG
1114 2806 1118 2852 Ι
1142 2805 1214 2840 ἔστι
1239 2807 1285 2850 L,
1312 2805 1409 2841 ἔστιν
1436 2807 1448 2840 Ζ
1567 2809 1634 2839 426
1661 2805 1784 2850 γνώμη

260 2860 367 2907 πέσῃ]
396 2860 580 2904 Schaefer,
607 2861 731 2905 γνώμη
757 2858 862 2894 πέσοι
889 2860 978 2903 LG,
1006 2859 1150 2904 γνώμης
1175 2857 1272 2893 πέσω
1300 2858 1400 2894 Stob.
1422 2859 1498 2894 flor.
1520 2861 1574 2902 91,
1602 2862 1634 2902 G,
1660 2858 1784 2903 γνώμῃ

260 2912 356 2948 πέσω
384 2913 527 2949 Seidler
