1929 3208
700 137 947 167 AAKw-”rm
1545 138 1595 179 31

249 243 388 296 μάτην
420 243 489 295 ἄρ’
521 245 563 284 οἱ
596 242 798 296 γέροντες
830 243 1033 296 εὔχονται
1064 248 1239 297 θανεῖν,

248 320 384 367 γῆρας
415 313 625 366 ψέγοντες
657 314 727 355 καὶ
759 315 928 367 μακρὸν
960 315 1125 368 χρόνον
1157 317 1274 368 βίου·
1535 322 1601 353 070

249 384 304 438 ἢν
336 382 372 425 δ’
407 383 539 438 ἐγγὺς
571 383 682 442 ἔλθῃ
715 385 932 438 θάνατος,
964 386 1112 435 οὐδεὶς
1146 387 1351 439 βούλεται

248 453 479 512 θνῄσκειν,
511 457 559 497 τὸ
593 462 728 509 γῆρας
761 456 801 496 δ’
833 455 976 497 οὐκέτ’
1009 454 1098 497 ἔστ’
1131 457 1281 506 αὐτοῖς
1313 459 1438 510 βαρύ.

95 529 186 568 XO.
249 526 494 568 παύσασθ”
528 526 623 575 ἅλις
655 528 739 580 γὰρ
772 527 795 580 ἡ
829 533 1032 580 παροῦσα
1065 528 1289 582 συμφορά,

253 594 302 648 [ὦ
335 597 449 651 παῖ]
481 599 644 650 πατρὸς
676 598 725 639 δὲ
756 599 813 652 μὴ
846 597 1096 655 παροξύνῃς
1129 598 1284 652 φρένα.

99 671 188 709 ΦΕ.
251 665 283 709 ὦ
316 674 413 721 παῖ,
447 668 530 709 τίν’
563 669 730 722 αὐχεῖς,
762 670 924 722 πότερα
957 669 1111 709 Λυδὸν
1143 668 1168 722 ἢ
1206 670 1360 722 Φρύγα
1539 676 1604 707 675

250 745 398 788 κακοῖς
430 738 634 781 ἐλαύνειν
666 739 985 792 ἀργυρώνητον
1018 738 1177 789 σέθεν;

250 809 331 851 οὐκ
363 806 498 851 οἶσθα
533 810 761 851 Θεσσαλόν
792 824 843 862 με
876 808 989 850 κάπὸ
1025 812 1258 851 Θεσσαλοῦ

250 881 413 934 πατρὸς
444 887 612 934 γεγῶτα
638 884 829 934 γνησίως
860 879 1123 934 ἐλεύθερον;

250 952 363 1004 ἄγαν
394 951 604 1005 ὑβρίζεις,
636 951 708 992 καὶ
740 952 918 1000 νεανίας
951 952 1111 1004 λόγους

251 1022 418 1076 ῥίπτων
450 1021 493 1071 ἐς
524 1023 634 1076 ἡμᾶς
666 1022 718 1063 οὐ
751 1022 901 1075 βαλὼν
933 1021 1073 1071 οὕτως
1105 1022 1217 1064 ἄπει.
1538 1030 1605 1061 680

250 1092 334 1146 ἐγὼ
367 1092 418 1134 δέ
448 1093 488 1134 σ’
521 1093 656 1134 οἴκων
687 1093 908 1147 δεσπότην
939 1092 1178 1147 ἐγεινάμην

249 1164 454 1218 κᾶθρεψ’,
486 1164 650 1218 ὀφείλω
684 1163 724 1205 δ’
757 1165 837 1218 οὐχ
869 1162 1201 1222 ὑπερθνῄσκειν
1234 1163 1386 1206 σέθεν·

250 1235 302 1276 οὐ
336 1236 419 1289 γὰρ
451 1242 658 1290 πατρῷον
689 1235 810 1277 τόνδ’
843 1233 1056 1289 ἐδεξάμην
1090 1236 1243 1288 νόμον,

250 1307 423 1348 παίδων
454 1302 757 1364 προθνῄσκειν
789 1305 1000 1360 πατέρας,
1034 1306 1132 1347 οὐδ’
1168 1306 1443 1360 (Ελληνικόν.

252 1385 397 1432 σαυτῷ
429 1378 514 1431 γὰρ
546 1377 631 1418 εἴτε
663 1377 884 1432 δυστυχὴς
916 1377 993 1418 εἴτ’
1026 1377 1211 1431 εὐτυχὴς
1541 1386 1607 1417 685

251 1447 376 1502 ἔφυς·
410 1449 435 1490 ἃ
469 1449 509 1490 δ’
541 1450 665 1502 ἡμῶν
696 1455 807 1503 χρῆν
840 1459 888 1490 σε
915 1449 1166 1503 τυγχάνειν,
1199 1446 1322 1503 ἔχεις.

253 1523 429 1561 πολλῶν
461 1520 541 1572 μὲν
573 1521 739 1574 ἄρχει-ς,
771 1519 1114 1574 πολυπλέθρους
1148 1519 1200 1561 δέ
1230 1530 1301 1561 σοι
1334 1521 1443 1573 γύας

253 1592 404 1640 λείψω·
437 1592 602 1645 πατρὸς
627 1591 711 1644 γὰρ
743 1591 865 1632 ταῦτ’
897 1588 1110 1644 ἐδεξάμην
1145 1590 1274 1644 πάρα.

254 1663 298 1702 τί
327 1662 436 1715 δῆτά
468 1661 508 1702 6’
539 1661 743 1715 ἠδίκηκας
775 1667 854 1702 τοῦ
888 1661 929 1702 σ’
962 1661 1210 1715 ἀποστερῶ;

250 1733 307 1786 μὴ
339 1733 501 1787 θνῇσχ’
533 1731 644 1785 ὑπὲρ
671 1732 794 1773 τοῦδ’
827 1732 1005 1786 ἀνδρός,
1040 1732 1138 1773 οὐδ’
1171 1731 1257 1786 ἐγὼ
1290 1734 1374 1785 πρὸ
1409 1739 1503 1775 σοῦ.
1541 1739 1609 1771 690

251 1804 415 1857 χαίρεις
447 1803 565 1857 ὁρῶν
596 1810 706 1857 φῶς·
740 1802 905 1857 πατέρα
939 1802 981 1844 δ’
1014 1803 1067 1844 οὐ
1101 1804 1273 1857 χαίρειν
1306 1803 1469 1853 δοκεῖς;

251 1872 277 1928 ἧ
309 1875 396 1928 μὴν
427 1875 572 1916 πολύν
603 1889 652 1928 γε
683 1875 762 1916 τὸν
794 1874 909 1916 κάτω
946 1875 1170 1928 λογίζομαι

251 1947 430 1999 χρόνον,
461 1946 510 1987 τὸ
544 1945 592 1986 δὲ
625 1941 700 2000 ζῆν
731 1947 904 1999 μικρόν,
937 1945 1032 1987 ἀλλ’
1064 1945 1179 1998 ὅμως
1211 1947 1365 1999 γλυκύ.

252 2017 307 2057 σὺ
339 2022 451 2069 γοῦν
483 2015 675 2065 ἀναιδῶς
707 2016 916 2070 διεμάχου
949 2017 998 2057 τὸ
1030 2018 1087 2070 μὴ
1114 2014 1286 2072 θανεῖνξ

252 2087 324 2128 καὶ
355 2090 428 2142 ζῇς
459 2087 698 2141 παρελθὼν
729 2088 811 2141 τὴν
842 2086 1135 2141 πεπρωμένην
1167 2087 1320 2141 τύχην,
1541 2094 1608 2124 695

252 2159 416 2212 ταύτην
446 2157 676 2207 κατακτάς·
739 2154 817 2200 εἶτ’
849 2157 958 2212 ἐμὴν
991 2157 1188 2212 ἀψυχίαν

253 2228 414 2282 λέγεις,
446 2230 678 2283 γυναικός,
710 2225 743 2270 ὦ
777 2229 967 2282 κάκισθ’,
1000 2228 1270 2282 ἡσσημένος,

102 2407 275 2439 669-72
321 2404 429 2438 affert
469 2404 653 2438 Stobaeus
692 2403 726 2438 fl.
759 2408 837 2447 119,
860 2408 892 2446 1,
931 2403 1155 2438 subditicios
1196 2402 1402 2437 arbitratur
1440 2403 1611 2448 Hartung

102 2455 167 2486 671
202 2451 310 2486 ἔλκθοι
342 2452 377 2486 Β
500 2455 567 2485 672
600 2448 795 2497 θνῄσκειν]
828 2453 964 2486 θανεῖν
991 2463 1014 2485 α
1139 2454 1206 2485 673
1240 2462 1292 2494 sq.
1326 2451 1608 2486 παύσασθ’...

41 2495 69 2534 ὦ
95 2499 179 2544 παῖ]
200 2497 360 2542 ’Άδμηθ’
384 2527 389 2532 .
413 2526 419 2532 .
443 2527 448 2533 .
470 2505 612 2534 παῦσαι
637 2498 791 2542 Mekler,
816 2498 900 2533 fort.
929 2498 1021 2540 ἄναξ
1043 2526 1049 2532 .
1072 2526 1078 2532 .
1103 2526 1108 2532 .
1133 2505 1276 2533 παῦσαι
1392 2502 1459 2532 674
1487 2495 1514 2532 ὦ
1540 2505 1612 2533 παῖ

41 2557 61 2580 e
88 2558 118 2579 v.
155 2547 334 2589 sequensse
370 2546 443 2580 hue
483 2547 684 2581 rem-actum
724 2556 803 2580 esse
840 2546 986 2580 monuit
1023 2545 1190 2590 Elmsley
1228 2542 1324 2587 ὦναξ
1364 2545 1478 2580 Monk
1516 2545 1609 2587 ἅναξ

42 2593 173 2628 Kaiser
213 2607 217 2631 ι
259 2592 376 2638 φρένα
401 2593 442 2639 S]
470 2593 610 2637 φρένας
636 2605 655 2628 ν
773 2596 840 2628 675
869 2593 932 2627 cfr.
955 2593 1147 2636 Aristoph.
1170 2594 1234 2626 Av.
1260 2597 1350 2627 1244
1446 2595 1512 2626 678
1544 2592 1607 2626 cfr.

42 2641 231 2685 Aristoph.
257 2639 355 2674 Nub.
383 2644 475 2674 1414
606 2643 674 2674 679
703 2640 796 2684 ἄγαν
823 2639 860 2685 μ’
891 2641 925 2675 L
1057 2643 1126 2674 680
1155 2641 1197 2675 οὐ
1225 2640 1363 2686 βαλὼν]
1393 2641 1460 2683 οὐχ
1487 2639 1610 2680 ἁπλῶς

41 2687 202 2732 Blaydes
237 2690 241 2731 Ι
284 2687 375 2722 ἀπεῖ
398 2688 434 2722 Β
555 2691 623 2722 682
657 2686 794 2732 ὀφείλω
829 2687 866 2722 δ’
900 2688 983 2734 Βα]
1018 2686 1180 2731 ὀφείλων
1207 2688 1234 2723 δ
1361 2690 1428 2721 686
1455 2687 1546 2732 χρήν
1573 2687 1609 2720 Β

101 2738 168 2770 687
205 2735 294 2780 γύας
326 2734 375 2780 L]
409 2736 515 2780 γύιας
541 2735 577 2769 Β
610 2733 716 2779 γυίοις
741 2747 760 2769 r
931 2738 998 2770 688
1027 2735 1138 2769 ταῦτ’
1166 2734 1346 2779 Purgold]
1388 2734 1494 2768 ταῦτ’
1522 2732 1609 2767 libri

43 2785 109 2817 689
154 2783 314 2827 ἠδίκησα
358 2783 386 2817 S
511 2785 580 2816 690
617 2783 750 2827 θνῆσχ’
782 2783 824 2828 S]
864 2783 1003 2826 θνῆσκ’
1042 2795 1061 2816 r
1200 2784 1266 2815 691
1315 2782 1377 2815 cfr.
1419 2781 1607 2825 Aristoph.

43 2829 187 2864 Thesm.
211 2833 290 2867 194,
316 2829 412 2863 Nub.
435 2833 526 2863 1415
620 2833 687 2863 692
714 2828 735 2874 ἧ
761 2829 853 2876 Sa2]
881 2827 902 2873 ἢ
928 2842 948 2864 r
1040 2832 1108 2863 693
1136 2828 1290 2873 σμικρόν
1315 2829 1383 2862 αΡ
1471 2831 1540 2862 694
1566 2829 1610 2863 σὺ

43 2883 130 2921 γοῦν
156 2877 249 2923 BL]
278 2878 321 2912 σύ
348 2875 379 2921 γ’
411 2874 475 2912 οὖν
501 2889 520 2911 r
618 2879 683 2910 697
711 2876 842 2921 λέγεις]
870 2876 996 2921 ψέγεις
1024 2876 1140 2910 editio
1168 2875 1404 2920 Hervagiana
1431 2875 1550 2910 altera

1349 2945 1397 2980 3*
