1929 3208
152 1049 241 1088 XO.

784 160 1010 192 HAEKTPA
1605 157 1662 198 53

317 269 478 310 δεινῶν
511 267 687 309 ὀδυνῶν
718 268 886 320 καρπὸν
919 268 1116 321 ἔχουσαι·

314 339 376 380 νὼ
409 334 449 380 δ’
479 336 549 380 ἐπὶ
581 340 748 380 πόντον
780 338 970 380 Σικελὸν
1002 338 1175 393 σπουδῇ

314 409 507 451 σώσοντε
539 416 654 451 νεῶν
685 406 863 466 πρῴρας
894 407 1088 458 ἐνάλους.

315 480 387 522 διὰ
420 476 460 522 δ’
496 481 697 535 αἰθερίας
728 481 947 534 στείχοντε
978 480 1142 528 πλακὸς

313 558 405 601 τοῖς
436 549 516 606 μὲν
548 557 762 606 μυσαροῖς
795 551 875 593 οὐκ
908 550 1199 605 ἐπαρήγομεν,
1571 560 1662 590 1350

313 617 430 665 οἷσιν
463 618 501 664 δ’
534 622 659 664 ὅσιον
690 620 763 663 καὶ
795 622 843 663 τὸ
877 622 1050 663 δίκαιον

312 695 446 747 φίλον
479 692 527 735 ἐν
559 695 708 750 βιότῳ,
740 692 926 742 τούτους
956 695 1157 746 χαλεπῶν

313 763 543 814 ἐκλύοντες
574 764 759 818 μόχθων
791 760 997 819 σῴζομεν.

313 834 452 884 οὕτως
483 834 653 876 ἀδικεῖν
685 832 837 889 μηδεὶς
868 832 1035 876 θελέτω

311 901 413 960 ’μηδ’
443 905 660 960 ἐπιόρκων
692 904 798 960 με’τα
831 906 1096 960 συμπλείτω·
1569 916 1659 946 1355

312 977 418 1026 θεὸς
451 976 514 1018 ὢν
544 980 730 1031 θνητοῖς
761 975 975 1031 ἀγορεύω.

311 1049 498 1102 χαίρετε·
530 1049 701 1102 χαίρειν
734 1045 774 1090 δ’
806 1047 925 1097 ὅστις
958 1047 1143 1089 δύναται

310 1116 382 1159 καὶ
414 1118 623 1175 ξυντυχίᾳ
655 1120 713 1173 μή
745 1134 834 1161 τινι
865 1118 1019 1173 κάμνει

309 1193 506 1244 θνητῶν,
539 1189 783 1244 εὐδαίμονα
812 1190 1009 1245 πράσσει.

229 1323 318 1355 1348
338 1326 455 1355 σῶσον
474 1330 511 1353 τε
531 1318 620 1362 LG,
647 1319 802 1353 σώσοντε
820 1329 844 1364 y
865 1319 870 1363 1
892 1324 994 1354 ναῶν
1013 1319 1103 1362 LG,
1129 1325 1222 1354 νεῶν
1244 1320 1256 1352 l
1278 1320 1281 1362 Ι
1305 1317 1473 1365 ἐνάλους]
1496 1318 1658 1362 Grotius,

133 1372 310 1413 ἐναύλους
334 1372 415 1408 LG
513 1375 604 1406 1349
630 1370 773 1412 πλάκας
797 1370 959 1416 Lenting
1045 1375 1133 1406 1351
1163 1369 1235 1406 οἷσι
1261 1372 1350 1415 LG,
1377 1369 1473 1406 οἶσιν
1500 1371 1512 1405 ἶ
1533 1372 1537 1416 l
1561 1369 1659 1410 ὅστις

133 1425 167 1461 δ’
199 1424 299 1466 ὅσιος
320 1425 448 1471 Reisig
546 1427 637 1459 1354
664 1425 798 1470 μηθεὶς
817 1425 907 1468 LG,
933 1424 1060 1469 μηδεὶς
1083 1425 1120 1460 R
1218 1428 1308 1459 1359
1329 1423 1499 1470 πράσσει]
1525 1423 1563 1457 in
1582 1433 1658 1468 rep.

134 1479 190 1514 ed.
212 1478 440 1522 Victoriana,
467 1477 644 1522 πράσσειν
670 1478 750 1513 LG

228 1532 372 1567 Subscr.
400 1529 500 1572 τέλος
524 1536 589 1576 τῆς
608 1529 801 1574 εὐριπίδου
823 1529 995 1576 ἠλέκτρας
1015 1531 1060 1575 L,
1086 1529 1187 1572 τέλος
1206 1529 1401 1575 εὐριπὶδου
1421 1529 1598 1575 ἠλέκτρας
1614 1530 1659 1565 G.

226 1585 280 1620 Ex
314 1584 463 1620 Electra
497 1583 686 1630 Euripidis
718 1583 885 1619 adfertur
917 1584 1017 1629 apud
1052 1584 1253 1619 Stobaeum
1279 1584 1313 1619 fl.
1341 1587 1399 1629 49,
1424 1588 1446 1618 4
1472 1583 1659 1629 fragmen-

132 1640 211 1673 tum
238 1641 321 1683 (850
347 1638 408 1683 N.)

485 1685 508 1729 ἡ
535 1684 603 1730 γὰρ
628 1685 804 1728 τυραννὶς
828 1683 1020 1720 πάντοθεν
1045 1684 1231 1727 τοξεύεται

487 1740 624 1779 δεινοῖς
649 1737 790 1783 ἔρωσιν,
816 1735 860 1781 ἧς
884 1736 1092 1783 φυλακτέον
1118 1736 1213 1782 πέρι,

133 1815 193 1851 cui
220 1815 429 1852 sententiae
453 1815 577 1850 nullus
602 1815 706 1851 locus
731 1815 845 1851 fuerit
869 1815 908 1850 in
933 1815 1003 1850 hac
1029 1814 1170 1850 fabula.
1221 1814 1292 1850 Cfr.
1319 1814 1426 1850 Herc.
1454 1818 1498 1849 65
1511 1826 1562 1858 sq.
