1929 3208
237 198 285 237 12
858 197 1128 231 ΕΥΡΙΠΙΔΟΥ

253 307 346 347 11.!.
409 304 583 358 ἕστηκα·
617 305 788 354 πάντως
821 300 862 345 δ’
898 303 983 359 εἰμὶ
1017 306 1090 359 σή·
1122 307 1338 358 κρείσσων
1370 306 1452 360 γὰρ
1486 302 1534 347 εἰ.

255 378 337 417 ΟΡ.
415 377 500 429 ἥκω
534 373 685 429 φέρων
718 387 787 416 σοι
821 381 902 417 σοῦ
935 378 1201 429 κασιγνήτου
1234 377 1404 428 λόγους.

252 450 345 488 lm.
409 444 442 488 ὦ
475 444 666 500 φίλτατ’,
699 442 782 500 ἆρα
816 449 973 497 ζῶντος
1005 446 1030 500 ἢ
1064 448 1350 501 τεθνηκότος-ς

255 521 337 559 ΟΡ.
411 522 476 571 ζῇ·
509 524 658 571 πρῶτα
692 517 774 570 γάρ
808 529 878 559 σοι
910 513 1070 571 τάγάθ’
1107 516 1336 571 ἀγγέλλειν
1367 517 1499 560 θέλω.
1686 531 1754 560 230

255 591 347 630 lm.
410 588 734 642 εὐδαιμονοίης,
766 589 932 642 μισθὸν
964 589 1157 642 ἡδίστων
1190 590 1347 642 λόγων.

255 662 338 701 ΟΡ.
410 665 535 714 κοινῇ
570 660 729 714 δίδωμι
762 665 891 701 τοῦτο
924 661 1018 718 νῷν
1049 659 1216 714 ἀμφοῖν
1249 661 1376 714 ἔχειν.

252 734 292 771 11
302 734 346 772 A.
410 737 496 773 ποῦ
529 737 607 785 γῆς
639 730 662 772 ὁ
695 731 870 785 τλήμων
901 733 1120 785 τλήμονας
1152 731 1297 785 φυγὰς
1329 733 1462 786 ε”χων;

255 806 338 843 01).
413 802 492 856 οὐχ
525 801 603 843 ἕνα
635 803 826 856 νομίζων
859 803 1090 856 φθείρεται
1122 804 1290 852 πόλεως
1320 804 1471 844 τόπον.

253 876 345 915 IIA.
408 873 462 915 οὔ
494 887 581 914 που
614 875 833 923 σπανίζων
865 879 943 914 τοῦ
975 870 1077 914 καθ’
1114 871 1280 927 ἡμέραν
1313 875 1435 927 βίους
1687 884 1754 914 235

256 947 339 986 ΟΡ.
411 946 497 999 ε”χει
529 942 623 998 μέν,
657 943 850 998 ἀσθενὴς
883 941 930 985 δὲ
964 944 1018 997 δὴ
1051 943 1232 998 φεύγων
1265 943 1388 998 ἀνήρ.

251 1018 348 1056 ΗΛ.
412 1017 547 1068 λόγον
581 1013 628 1056 δὲ
662 1015 716 1068 δὴ
749 1010 835 1056 τίν’
870 1011 1006 1069 ἦλθες
1039 1013 1084 1056 ἐκ
1117 1016 1268 1057 κείνου
1300 1014 1470 1071 φέρων;

258 1089 340 1128 ΟΡ.
413 1087 454 1128 εἰ
485 1088 568 1140 ζῇς,
603 1086 719 1135 ὅπως
750 1101 793 1127 τε
829 1087 941 1136 ζῶσα
974 1092 1207 1140 συμφορᾶς
1238 1088 1358 1141 ἔχεις.

251 1160 348 1199 HA.
411 1157 576 1199 οὐκοῦν
609 1157 714 1213 ὁρᾷς
745 1172 832 1211 μου
863 1164 1037 1211 πρῶτον
1069 1157 1128 1207 ὡς
1160 1157 1294 1212 ξηρὸν
1328 1156 1472 1212 δέμας.

256 1231 339 1270 ΟΡ.
411 1229 568 1278 λύπαις
598 1244 647 1281 γε
680 1229 955 1282 συντετηκός,
987 1228 1097 1270 ὥστε
1129 1243 1180 1282 με
1214 1227 1394 1270 στένειν.
1687 1240 1756 1270 240

249 1303 348 1341 ΠΛ.
410 1297 479 1341 καὶ
513 1305 649 1353 κρᾶτα
682 1300 908 1353 πλόκαμόν
940 1295 976 1339 τ’
1014 1297 1336 1353 ἐσκυθισμένον
1369 1300 1495 1356 ξυρῷ.

257 1373 339 1412 ΟΡ.
412 1371 564 1412 δάκνει
596 1368 638 1411 σ’
677 1369 867 1425 ἀδελφὸς
899 1369 922 1411 ὅ
954 1385 998 1411 τε
1031 1370 1188 1411 θανὼν
1220 1374 1324 1420 ἴσως
1354 1373 1507 1425 πατήρ.

250 1445 347 1484 HA.
411 1445 543 1496 οῖ’μοι,
576 1443 622 1482 τί
648 1440 731 1495 γάρ
764 1456 838 1495 μοι
870 1439 1015 1482 τῶνδέ
1043 1437 1084 1495 γ’
1121 1439 1210 1483 ἐστὶ
1243 1443 1471 1496 φίλτερον;

257 1516 340 1555 ΟΡ.
413 1519 498 1567 φεῦ
529 1519 630 1568 φεῦ·
662 1515 708 1554 τί
737 1510 776 1554 δ’
814 1507 870 1554 αὖ
903 1518 985 1554 σοῦ
1017 1517 1079 1569 σῷ
1112 1514 1360 1569 κασιγνήτῳ
1395 1514 1557 1562 δοκεϊςς

253 1587 346 1627 ΗΛ.
409 1583 533 1626 ἀπὼν
566 1583 745 1637 ἐκεῖνος,
778 1583 832 1626 οὐ
863 1584 1016 1638 παρὼν
1047 1582 1152 1637 ἡμῖν
1184 1585 1324 1638 φίλος.
1688 1594 1756 1624 245

258 1659 341 1698 ΟΡ.
413 1655 458 1697 ἐκ
489 1662 569 1698 τοῦ
602 1653 650 1697 δὲ
682 1656 820 1704 ναίεις
852 1651 1006 1696 ἐνθάδ’
1044 1655 1207 1704 ἄστεως
1239 1653 1356 1704 ἑκάς;

250 1728 349 1768 ΗΛ.
411 1723 703 1780 ἐγημάμεσθ’,
737 1721 770 1766 ὦ
803 1725 929 1779 ξεῖνε,
960 1724 1212 1779 θανάσιμον
1244 1725 1399 1780 γάμον.

258 1800 341 1839 ΟΡ.
413 1795 552 1854 ᾤμωξ’
592 1795 786 1850 ἀδελφὸν
819 1797 910 1837 σόν.
974 1797 1251 1850 Μυκηναίων
1283 1797 1389 1845 τίνι;

250 1871 349 1910 ΗΛ.
412 1867 492 1922 οὐχ
525 1861 558 1924 ᾧ
591 1869 730 1920 πατήρ
763 1865 805 1920 μ’
843 1867 1020 1921 ἤλπιζεν
1052 1865 1261 1908 ἐκδώσειν
1293 1865 1407 1908 ποτέ.

259 1942 343 1981 ΟΡ.
415 1934 521 1993 εἴφ’,
553 1938 610 1987 ὡς
642 1937 832 1987 ἀκούσας
864 1942 925 1995 σῷ
958 1939 1206 1995 κασιγνήτῳ
1240 1937 1363 1991 λέγω.
1689 1949 1757 1979 250

250 2013 349 2052 ΗΛ.
413 2010 460 2052 ἐν
492 2007 629 2051 τοῖσδ’
669 2008 841 2051 ἐκείνου
872 2009 1058 2063 τηλορὸς
1089 2010 1198 2050 ναίω
1233 2009 1397 2063 δόμοις.

260 2085 342 2124 ΟΡ.
415 2080 609 2136 σκαφεύς
640 2095 705 2130 τις
737 2080 761 2134 ἢ
795 2080 1052 2134 βουφορβὸς
1084 2079 1203 2129 ἄξιος
1235 2080 1397 2134 δόμων.

254 2155 352 2194 ΗΛ.
414 2151 548 2206 πένης
580 2151 692 2205 ἀνὴρ
725 2157 930 2205 γενναῖος
963 2152 1005 2199 ἔς
1035 2145 1073 2191 τ’
1110 2148 1174 2204 ἔμ’
1211 2150 1404 2205 εὐσεβής.

330 2308 397 2338 232
424 2304 548 2349 τοῦτο]
576 2303 687 2338 schol.
715 2302 830 2348 ἤγουν
855 2303 896 2337 τὸ
923 2303 1159 2346 εὐδαιμονεῖν
1184 2301 1223 2336 in
1249 2302 1284 2336 L
1406 2306 1472 2336 ‘233
1505 2308 1577 2337 ποῦ
1604 2301 1640 2337 δ’
1673 2301 1754 2338 ἔσθ’

235 2359 272 2392 F.
301 2357 368 2392 Gu.
398 2357 575 2391 Schmidt.
604 2357 710 2402 ἔχων]
738 2356 808 2401 ἔχει
835 2355 904 2390 Dio
933 2355 1058 2400 Chrys.
1088 2359 1142 2398 13,
1170 2358 1189 2388 5
1299 2359 1366 2389 234
1393 2353 1509 2390 τόπον
1534 2355 1617 2400 Dio,
1644 2354 1759 2400 νόμον

235 2412 314 2445 LG
388 2414 456 2444 ‘235
483 2410 526 2444 οὔ
553 2423 625 2445 που
646 2411 720 2455 Ly,
748 2410 790 2444 οὔ
812 2422 867 2444 πω
890 2410 935 2453 G,
960 2405 1058 2453 ἦπου
1080 2408 1147 2443 Dio
1172 2410 1175 2452 Ι
1199 2407 1363 2450 σπανίζει,
1378 2408 1447 2443 Dio
1522 2413 1589 2444 236
1616 2409 1758 2454 ἀσθενῆ

236 2463 270 2498 δ’
301 2463 364 2498 ἅτε
385 2463 532 2508 φεύγων
552 2463 622 2497 Dio
646 2465 649 2507 Ι
673 2462 713 2497 δὲ
739 2468 812 2502 πᾶς
832 2462 997 2507 Camper,
1024 2461 1059 2495 δ’
1084 2460 1286 2495 c’celVitelli
1360 2465 1428 2495 238
1450 2460 1563 2508 ὅπως]
1583 2462 1758 2506 ΕΙωεΙΘγ,

237 2515 330 2550 ’ὅπου
356 2516 434 2551 LG
458 2517 461 2560 !
485 2516 691 2559 συμφορᾶς]
720 2515 918 2558 Victorius,
945 2514 1136 2559 συμφορὰς
1162 2515 1234 2549 LG
1350 2518 1416 2549 239
1443 2515 1490 2555 ὡς
1515 2515 1648 2561 ξηρὸν]
1675 2515 1757 2550 fort.

236 2570 426 2614 αὐχμηρὸν
498 2573 567 2603 240
594 2570 649 2614 γε]
669 2569 804 2611 Heath‚
831 2581 866 2602 τε
888 2569 965 2603 LG
988 2569 992 2612 1
1016 2565 1246 2613 συντετηκός]
1267 2567 1414 2611 Reiske,
1441 2566 1662 2613 συντέτηκας
1681 2568 1759 2603 LG

331 2626 399 2656 242
427 2622 491 2657 ἴσω
514 2623 558 2665 G,
585 2622 671 2661 ἴσως
695 2634 728 2667 9,
755 2621 868 2661 αἰκῶς
887 2622 925 2655 F.
947 2620 1013 2655 Gn.
1037 2621 1205 2655 Schmidt
1278 2625 1346 2655 244
1373 2619 1408 2654 δ’
1434 2618 1481 2655 αὗ
1502 2621 1583 2667 σοῦ]
1605 2620 1758 2662 Seidler,

237 2676 300 2710 δαὶ,
328 2676 370 2709 σὺ
385 2676 430 2718 L,
457 2674 497 2709 δὲ
525 2676 567 2709 σὺ
596 2675 629 2709 G
704 2678 770 2709 245
799 2674 903 2709 ἀπὼν
928 2677 1050 2719 (super
1075 2689 1098 2708 α
1119 2674 1319 2709 atramenti
1339 2673 1499 2718 macula)
1520 2675 1565 2717 L,
1591 2674 1704 2708 εἰπὼν
1726 2673 1759 2708 G

333 2733 399 2763 246
435 2729 542 2763 τοῦδε
569 2729 647 2764 LG
745 2732 811 2762 247
848 2726 1056 2772 ἐγημάμεθ’
1087 2723 1114 2762 ὦ
1141 2726 1219 2769 ξένε
1249 2728 1281 2761 G
1304 2729 1308 2771 Ι
1332 2727 1392 2769 οὐ,
1428 2725 1533 2770 ξεῖν’,
1569 2723 1759 2770 ἐναίσιμον

238 2781 397 2815 Holzner
495 2784 562 2815 248
582 2779 671 2826 τίνι]
697 2779 781 2815 τινά
802 2781 890 2823 LG,
916 2780 954 2814 in
981 2792 1095 2825 marg.
1124 2780 1306 2825 γράφεται
1327 2780 1389 2814 καὶ
1414 2780 1487 2814 τινὶ
1508 2779 1569 2814 ἵνα
1589 2776 1611 2826 ᾗ
1633 2779 1652 2814 ὁ
1672 2783 1760 2819 νοῦς

238 2833 471 2878 ,Μυκηναίων
496 2835 569 2868 τινὶ
595 2833 786 2879 ἐγαμήθης
812 2833 845 2867 L
928 2838 994 2868 ‘251
1022 2834 1188 2879 τηλορὸς]
1215 2832 1402 2878 τλημόνως
1421 2833 1459 2866 L.
1482 2831 1647 2876 Dindorf,
1673 2831 1756 2867 fort.

238 2885 415 2930 γαμόροις
441 2885 635 2931 (γημόροις
660 2887 696 2921 C.
724 2886 870 2931 Haupt)
962 2891 1027 2921 252
1056 2886 1220 2931 σκαφεύς
1244 2886 1297 2921 ita
1325 2898 1391 2921 scr.
1417 2888 1458 2919 ut
1484 2885 1594 2920 facile
1620 2883 1759 2929 σκαφές

238 2939 341 2984 legas
368 2942 413 2984 L,
440 2952 537 2984 σκαφ
554 2954 572 2975 *
600 2941 637 2986 (i.
665 2951 693 2976 e.
721 2938 873 2985 σκαφές)
901 2941 946 2984 G,
972 2940 1134 2984 σκαφεύς
