1929 3208
286 169 340 206 ’Ἣ
913 170 1181 202 ΕΎῬΙΙΙΙΔΟΤ

498 277 594 318 ὅσοι
628 274 674 318 δὲ
708 274 888 331 χρηστοὶ
922 277 1166 331 δυνάμενοί
1193 274 1251 330 τ’,
1284 278 1407 327 ὄντες
1439 279 1590 332 σοφοί,

497 355 651 401 σιγῶσι
685 348 766 389 κού
799 348 1069 390 σπεύδουσιν
1103 347 1144 397 ἐς
1175 348 1227 389 τὰ
1253 349 1500 403 πράγματα,

497 417 648 472 γέλωτ’
686 419 734 461 έν
767 419 917 468 αὐτοῖς
949 421 1119 474 μωρίαν
1151 435 1195 461 τε
1229 420 1425 474 λήψομαι
1744 432 1812 461 (ῐοο

497 489 575 544 οὐχ
609 489 836 544 ἡσυχάζων
871 489 918 531 ἐν
949 491 1071 531 πόλει
1104 491 1255 544 ψόφου
1287 489 1408 547 πλέᾳ.

496 568 583 603 τῶν
617 559 656 603 δ’
695 557 751 602 αὖ
784 563 948 615 λογίων
980 577 1024 603 τε
1057 560 1296 616 χρωμένων
1327 577 1372 603 τε
1404 568 1455 617 τῇ
1487 563 1612 603 πόλει

496 632 539 681 ἐς
571 632 738 687 ἀξίωμα
770 633 850 686 βὰς
882 631 1015 674 πλέον
1047 633 1357 687 φρουρήσομαι

498 705 724 757 ψήφοισιν.
788 704 903 745 οὕτω
936 704 1018 758 γὰρ
1051 703 1164 757 τάδ’,
1198 700 1231 745 ὦ
1263 703 1413 759 πάτερ,
1448 707 1584 758 φιλεῖ·

497 777 543 816 οἳ
570 776 646 825 τὰς
677 777 825 825 πόλεις
859 776 1054 830 ἔχουσιν,
1085 775 1327 829 ἀξιώματος
1743 787 1810 819 (305

493 853 584 896 τοῖς
616 846 907 901 ἀνθαμίλλοις
941 845 1026 888 είσὶ
1058 847 1387 901 πολεμιώτατοι.

496 918 643 960 ἐλθὼν
676 916 715 960 δ’
755 918 797 968 ἐς
830 915 954 960 οἷκον
986 917 1221 971 ἀλλότριον
1253 919 1416 971 ἔπηλυς
1448 917 1510 959 ὢν

497 990 684 1044 γυναῖκά
716 988 764 1032 θ’
803 990 859 1040 ὡς
892 990 1092 1043 ἄτεκνον,
1123 989 1150 1044 ἣ
1183 989 1449 1044 κοινουμένη

497 1061 572 1110 τὰς
605 1062 838 1115 συμφοράς
869 1072 940 1103 σοι
971 1063 1186 1115 πρόσθεν,
1219 1060 1505 1115 ἀπολαχοῦσα
1536 1067 1622 1103 νῦν

495 1132 603 1186 αὐτὴ
636 1129 741 1174 καθ’
778 1133 917 1186 αὑτὴν
949 1133 1030 1186 τὴν
1062 1132 1200 1187 τύχην
1233 1136 1343 1174 οἴσει
1374 1139 1553 1186 πικρῶς,
1741 1142 1809 1173 (310

492 1210 583 1253 πῶς
615 1204 694 1258 οὐχ
727 1201 800 1245 ὑπ’
837 1204 970 1257 αὐτῆς
1002 1204 1178 1252 εἰκότως
1210 1205 1462 1258 μισήσομαι,

495 1275 601 1316 ὅταν
633 1282 840 1329 παραστῶ
874 1274 945 1317 σοὶ
976 1272 1057 1329 μὲν
1089 1274 1282 1328 ἐγγύθεν
1313 1275 1463 1327 ποδός,

498 1346 519 1399 ἢ
553 1345 594 1387 δ’
631 1342 727 1388 οὗσ’
764 1346 943 1395 ἄτεκνος
974 1346 1026 1387 τὰ
1060 1346 1115 1387 σὰ
1146 1342 1237 1400 φίλ’
1275 1346 1425 1401 εἰσορᾷ
1458 1352 1635 1399 πικρῶς,

495 1410 589 1472 κᾷτ’
625 1416 650 1471 ἢ
683 1417 880 1470 προδοὺς
911 1417 967 1458 σύ
999 1415 1041 1471 μ’
1082 1416 1124 1466 ές
1157 1416 1353 1471 δάμαρτα
1386 1417 1469 1470 σὴν
1501 1415 1663 1472 βλέπῃς

493 1487 518 1542 ἢ
551 1487 663 1542 τάμὰ
694 1495 831 1542 τιμῶν
865 1489 989 1543 δῶμα
1021 1486 1208 1542 συγχέας
1240 1489 1359 1543 ἔχῃς;
1740 1497 1807 1529 615

493 1559 614 1610 [ὅσας
647 1559 818 1613 σφαγὰς
852 1560 904 1612 δὴ
939 1559 1182 1613 φαρμάκων
1214 1559 1479 1613 θανασίμων

493 1637 698 1683 γυναῖκες
730 1626 863 1685 εὗρον
896 1629 1112 1685 ἀνδράσιν
1146 1629 1428 1685 διαφθοράς.]

494 1702 634 1750 ἄλλως
666 1717 709 1742 τε
742 1701 822 1755 τὴν
855 1701 938 1755 σὴν
970 1702 1132 1756 ἄλοχον
1165 1702 1377 1757 οἰκτείρω,
1410 1701 1561 1756 πάτερ,

494 1773 657 1814 ἄπαιδα
688 1772 1018 1827 γηράσκουσαν·
1054 1772 1107 1814 οὐ
1139 1773 1223 1828 γὰρ
1255 1772 1353 1822 ἀξία

492 1841 692 1896 πατέρων
724 1841 799 1885 ἀπ’
836 1843 1011 1885 ἐσθλῶν
1044 1840 1138 1884 οὗσ’
1178 1842 1360 1899 ἀπαιδίᾳ
1391 1850 1554 1885 νοσεῖν.
1742 1855 1809 1886 620

491 1915 755 1970 τυραννίδος
788 1912 836 1956 δὲ
868 1920 943 1968 τῆς
975 1914 1116 1968 μάτην
1149 1913 1416 1968 αἰνουμένης

491 1986 540 2027 τὸ
573 1983 653 2040 μὲν
683 1987 924 2041 πρόσωπον
955 1985 1055 2039 ἡδύ,
1087 1985 1169 2026 τάν
1203 1986 1379 2039 δόμοισι
1411 1982 1460 2027 δὲ

493 2057 682 2111 λυπηρά·
715 2059 780 2107 τίς
811 2057 895 2111 γὰρ
928 2057 1152 2111 μακάριος,
1186 2058 1250 2106 τίς
1282 2056 1478 2111 εὐτυχής,

493 2129 611 2178 ὅστις
644 2129 853 2178 δεδοικὼς
884 2126 956 2169 καὶ
988 2125 1264 2182 περιβλέπων
1295 2129 1399 2181 βίαν

493 2201 632 2241 αι’ῶνα
662 2201 815 2249 τει’νει;
850 2200 1040 2253 δημότης
1072 2197 1127 2239 ἂν
1160 2198 1346 2253 εὐτυχὴς
1739 2210 1806 2242 625

375 2337 441 2367 598
470 2333 587 2379 ὄντες]
620 2333 861 2376 Herwerden,
901 2330 995 2367 εἶναι
1023 2332 1102 2365 LP
1220 2336 1283 2365 601
1321 2329 1466 2377 ψόφου]
1505 2332 1548 2366 H.
1585 2332 1807 2377 Stephanus,

280 2385 400 2432 φόβου
423 2386 503 2420 LP
582 2390 648 2420 602
675 2384 808 2431 λογίων
833 2387 886 2431 τε]
914 2386 995 2419 fort.
1024 2385 1235 2420 δοκούντων
1320 2390 1386 2419 605
1415 2385 1559 2431 ἔχουσιν
1586 2387 1806 2433 ἀξιώματος]

278 2439 466 2481 Badham,
499 2438 616 2484 έχουσι
653 2438 867 2482 κάξιώματα
892 2439 980 2481 LP,
1013 2438 1157 2483 ἔχοντες
1183 2437 1325 2483 ἀξίωμά
1351 2451 1388 2472 τε
1417 2438 1517 2474 Stob.
1546 2440 1579 2474 fl.
1607 2443 1664 2483 45,
1691 2445 1712 2474 4

280 2496 346 2526 607
375 2492 412 2532 ἐς
438 2489 542 2527 οἶκον
562 2494 607 2536 L,
635 2490 740 2527 οἷκον
762 2493 804 2535 Ρ,
832 2491 868 2532 ἐς
893 2489 998 2526 οἶκον
1013 2504 1042 2535 p
1115 2495 1182 2525 610
1203 2491 1312 2538 αὐτὴ]
1339 2492 1456 2537 αὐτὴν
1477 2494 1556 2527 LP
1627 2497 1692 2527 611
1714 2494 1806 2539 πῶς]

280 2545 426 2589 Canter,
453 2552 529 2585 πῶς
555 2544 590 2579 δ’
621 2546 700 2580 LP
775 2549 841 2579 613
868 2545 912 2579 τὰ
940 2544 985 2579 σὰ
1013 2543 1089 2589 φίλ’
1120 2545 1244 2592 εἰσορᾷ
1272 2546 1424 2591 πικρῶς]
1451 2545 1654 2590 requiritur
1678 2557 1806 2580 sensus

280 2605 352 2634 σῶν
379 2597 497 2642 φίλων
524 2598 722 2644 ἀποσταθῇ
845 2602 912 2632 614
928 2610 979 2642 sq.
1009 2598 1108 2632 delet
1134 2598 1266 2632 Nauck
1388 2602 1455 2632 615
1483 2598 1637 2644 συγχέας
1662 2601 1742 2644 (συγ
1768 2598 1806 2633 in

279 2654 365 2695 ras.)
382 2653 415 2686 L
479 2656 546 2686 616
557 2664 609 2696 sq.
632 2651 769 2686 delevit
789 2651 950 2685 Dindorf
1008 2656 1075 2685 616
1097 2650 1303 2695 φαρμάκων
1322 2663 1359 2685 τε·
1379 2654 1418 2685 θ.
1439 2651 1574 2695 Heath‚
1601 2651 1806 2696 φαρμάκων

279 2703 540 2748 θυμοφθόρων
567 2705 683 2740 Cobet
757 2709 824 2738 620
851 2703 1025 2752 ἀπαιδίᾳ]
1053 2705 1089 2738 L.
1118 2703 1287 2747 Dindorf,
1315 2702 1499 2739 ἀπαιδίαν
1525 2705 1610 2738 LP.
1650 2705 1806 2739 Versum

281 2757 381 2792 delet
406 2757 539 2791 Nauck
636 2762 702 2792 621
730 2764 794 2802 τῆς
824 2757 938 2792 πάλαι
970 2756 1226 2801 θρυλουμένης
1252 2757 1352 2792 Sbob.
1380 2758 1413 2793 fl.
1442 2762 1498 2800 49,
1526 2762 1545 2791 2
1644 2761 1710 2791 622
1736 2758 1805 2792 τάν

283 2809 444 2856 δόμοισι]
472 2811 553 2845 sort.
581 2811 720 2846 τᾶνδον
746 2810 835 2846 ὄντα
910 2815 977 2844 6⁵24
1000 2810 1228 2857 περιβλέπων
1249 2811 1349 2845 Stob.
1369 2811 1404 2845 fl.
1425 2815 1481 2855 49,
1502 2815 1534 2855 2,
1559 2809 1805 2856 παραβλέπων

282 2864 362 2897 LP
382 2865 386 2908 Ι
410 2862 512 2909 βίαν]
533 2864 576 2897 H.
599 2864 820 2910 Stephanus,
847 2862 930 2910 βίον
945 2865 1024 2899 LP
1094 2869 1160 2899 625
1182 2864 1342 2909 δημότης
1363 2863 1554 2908 StobaeuS,
1581 2863 1740 2909 δημότης
1765 2863 1800 2898 δ’

282 2917 382 2962 LP}
407 2916 452 2951 ἂν
480 2917 646 2963 εὐτυχὴς]
673 2917 756 2951 fort.
785 2915 832 2952 ἂν
859 2917 1006 2958 εὔκολος
1032 2918 1087 2952 vel
1114 2918 1239 2963 potius
1266 2917 1355 2953 ἄνευ
1382 2916 1500 2952 πόνου
