1929 3208
615 949 930 997 NOTARUM
967 949 1182 998 INDEX.

231 1146 267 1181 L
290 1164 330 1176 =
353 1146 468 1181 codex
492 1146 667 1182 Laurent.
694 1150 749 1191 32,
776 1151 796 1181 2
823 1147 1040 1182 chartaceus
1067 1157 1160 1182 saec.
1187 1146 1282 1183 XIV.

358 1200 370 1234 Z
390 1217 433 1229 =
453 1211 583 1234 manus
610 1200 855 1236 correctriceS.

234 1253 267 1288 G
288 1270 330 1281 =
353 1253 431 1288 cod.
458 1252 565 1288 Laur.
595 1257 660 1288 172
687 1254 990 1289 membranaceus
1016 1264 1110 1290 saec.
1139 1254 1234 1290 XIV.

348 1318 370 1352 9
390 1324 434 1335 =
453 1317 585 1341 manus
611 1306 857 1342 correctrices.

232 1423 384 1459 Codices
416 1424 468 1468 L,
504 1424 538 1459 G
568 1424 805 1460 contulerunt
835 1426 879 1460 H.
906 1425 1030 1460 Hinck
1061 1428 1099 1460 et
1127 1426 1169 1460 R.
1196 1426 1316 1461 Prinz.
1365 1425 1565 1460 Praeterea
1597 1425 1662 1460 cfr.

137 1476 354 1512 collationes
387 1478 536 1513 Aeneae
567 1477 808 1513 Piccolomini
840 1477 878 1512 in
911 1478 1087 1513 Zeitschr.
1120 1478 1144 1512 f.
1179 1479 1213 1513 d.
1247 1480 1374 1513 osterr.
1409 1477 1540 1523 Gymn.
1571 1482 1662 1513 1874

135 1543 170 1576 p.
194 1534 262 1564 432
278 1542 369 1575 sqq„
394 1531 610 1576 Hieronymi
629 1531 760 1566 Vitelli
784 1530 824 1565 in
842 1531 928 1566 Eur.
948 1531 1030 1566 Hel.
1051 1531 1107 1566 ed.
1128 1531 1171 1567 H.
1193 1543 1263 1566 van
1282 1531 1508 1566 Herwerden
1529 1533 1663 1577 (1895),

135 1584 298 1629 Augusti
329 1584 495 1618 Mancini
525 1584 564 1618 in
596 1584 744 1620 Rivista
775 1584 814 1618 di
839 1584 1025 1630 Filologia
1051 1588 1141 1619 1896
1167 1597 1201 1629 p.
1231 1588 1297 1619 393
1313 1596 1392 1629 sqq.
1443 1583 1514 1626 Qui
1545 1584 1662 1619 codex

136 1636 276 1681 passim
302 1639 528 1672 memoratur
554 1638 661 1672 Laur.
689 1642 746 1680 31,
774 1642 804 1682 1,
831 1649 876 1672 ex
902 1638 1027 1673 codice
1053 1638 1088 1672 L
1115 1637 1322 1682 descriptus
1349 1639 1414 1672 est.

230 1690 284 1725 De
305 1690 432 1726 codice
449 1691 482 1726 G
502 1702 546 1725 ex
566 1690 661 1726 libro
676 1692 710 1726 L
728 1690 895 1726 derivato
916 1690 978 1726 cfr.
995 1691 1042 1725 ad
1063 1703 1094 1725 v.
1111 1694 1166 1735 62,
1190 1695 1292 1735 1268,
1313 1693 1416 1735 1282,
1439 1693 1540 1734 1317,
1560 1694 1661 1725 1615.

136 1742 190 1777 De
216 1743 349 1778 ceteris
375 1743 458 1778 vide
485 1754 580 1789 quae
608 1744 656 1778 ad
681 1743 869 1779 Electram
893 1744 1205 1790 praemonuimus.
