1929 3208
778 146 962 178 MHAEIA
1573 143 1629 184 25

791 286 949 319 ΙΑΣΩΝ.

279 352 340 394 ὀὐ
371 358 455 394 νῦν
488 353 692 394 κατεῖδον
723 359 899 406 πρῶτον
931 351 1040 393 ἀλλὰ
1071 351 1279 401 πολλάκις

282 430 487 477 τραχεῖαν
520 423 657 476 ὀργὴν
690 423 747 472 ὡς
779 423 1006 477 ἀμήχανον
1038 423 1186 464 κακόν.

285 493 356 536 σοὶ
387 495 470 548 γὰρ
502 495 644 547 παρὸν
675 500 758 547 γῆν
790 494 922 548 τήνδε
954 492 1024 535 καὶ
1059 494 1223 547 δόμους
1255 494 1370 548 ἔχειν

283 566 460 619 κούφως
491 565 689 620 φερούσῃ
721 566 991 617 κρεισσόνων
1024 565 1322 618 βουλεύματα,

283 638 426 689 λόγων
459 637 654 689 ματαίων
687 633 815 677 εἵνεκ’
854 635 1011 690 ἐκπεσῇ
1044 636 1222 690 χθονός.
1561 648 1630 678 450

284 705 414 761 κάμοὶ
446 702 526 761 μὲν
558 703 692 748 οὐδὲν
724 713 918 760 πρᾶγμα·
957 707 1014 760 μὴ
1047 707 1192 760 παύσῃ
1226 704 1328 747 ποτὲ

284 776 460 831 λέγουσ’
493 775 646 818 Ἰάσων
678 777 737 826 ὡς
768 777 970 826 κάκιστός
1002 775 1088 818 ἐστ’
1126 777 1256 830 ἀνήρ·

282 848 308 890 ἃ
341 847 381 890 δ’
418 848 461 897 ἐς
492 848 740 902 τυράννους
773 848 868 889 ε’στί
895 858 966 889 σοι
999 847 1256 901 λελεγμένα,

280 925 369 962 πᾶν
401 918 557 972 κέρδος
587 918 700 972 ἡγοῦ
733 918 997 973 ζημιουμένη
1031 925 1161 973 φυγῇ.

280 990 398 1044 κάγὼ
431 988 511 1045 μὲν
543 988 627 1032 αἰεὶ
659 987 878 1044 βασιλέων
909 989 1210 1044 θυμουμένων
1562 1004 1630 1034 455

281 1061 414 1116 ὀργὰς
445 1059 653 1117 ἀφῄρουν
683 1063 760 1102 καί
789 1059 831 1102 σ’
867 1061 1116 1116 ἐβουλόμην
1148 1061 1314 1116 μένειν·

281 1135 337 1175 σὺ
370 1131 409 1175 δ’
448 1133 529 1175 οὐκ
561 1132 698 1182 ἀνιέις
729 1134 919 1187 μωρίας,
950 1131 1125 1186 λέγουσ’
1162 1132 1228 1174 ἀεὶ

280 1212 422 1253 κακῶς
452 1203 715 1257 τυράννους·
754 1203 907 1257 τοιγὰρ
941 1202 1098 1258 ἐκπεσῇ
1130 1206 1308 1258 χθονός.

281 1275 396 1330 ὅμως
430 1272 478 1317 δὲ
509 1274 590 1317 κάκ
621 1273 752 1316 τῶνδ’
792 1274 872 1316 οὐκ
904 1274 1148 1328 ἀπειρηκὼς
1180 1278 1328 1329 φίλοις

280 1347 392 1400 ἥκω,
423 1347 472 1388 τὸ
505 1347 586 1388 σὸν
619 1343 667 1387 δὲ
698 1346 1108 1400 προσκοπούμενος,
1142 1347 1296 1400 γύναι,
1560 1359 1630 1389 460

285 1418 342 1467 ὡς
375 1415 469 1471 μήτ’
509 1416 716 1471 ἀχρήμων
749 1418 832 1458 σὺν
864 1414 1085 1458 τέκνοισιν
1117 1416 1300 1473 έκπέσῃς

282 1487 380 1543 μήτ’
418 1488 570 1541 ἐνδεής
600 1500 698 1529 του·
736 1484 860 1529 πόλλ’
898 1486 1124 1541 ἐφέλκεται
1158 1489 1278 1543 φυγὴ

281 1560 390 1601 κακὰ
423 1558 503 1610 ξὺν
535 1558 657 1613 αὑτῇ.
718 1556 790 1600 καὶ
821 1559 905 1612 γὰρ
937 1559 979 1600 εἰ
1008 1559 1064 1600 σύ
1096 1575 1147 1613 με
1180 1566 1373 1613 στυγεῖς,

282 1631 362 1672 οὐκ
394 1629 449 1672 ἂν
483 1631 704 1684 δυναίμην
737 1627 806 1671 σοὶ
837 1636 980 1679 κακῶς
1012 1638 1197 1683 φρονεῖν
1229 1645 1345 1673 ποτε.

103 1703 212 1744 ΜΗ.
284 1698 318 1743 ὦ
350 1701 635 1755 παγκάκιστε,
667 1706 796 1742 τοῦτο
828 1701 912 1754 γὰρ
945 1698 984 1742 σ’
1022 1702 1161 1743 εἰπεῖν
1193 1703 1298 1757 ἔχω,
1562 1714 1630 1744 465

279 1773 456 1827 γλώσσῃ
489 1771 697 1826 μέγιστον
729 1773 792 1821 εἰς
823 1771 1068 1827 ἀνανδρίαν
1101 1775 1255 1814 κακόν·

279 1840 416 1897 ἦλθες
445 1844 554 1897 πρὸς
584 1842 717 1897 ἡμᾶς,
749 1840 886 1897 ἦλθες
917 1845 1122 1899 ἔχθιστος
1155 1845 1294 1898 γεγὼς

283 1917 424 1968 [θεοῖς
455 1930 499 1956 τε
531 1912 662 1968 κάμοὶ
693 1916 829 1956 παντί
855 1910 893 1956 τ’
930 1913 1184 1969 ἀνθρώπων
1216 1915 1374 1969 γένει];

281 1986 404 2027 οὔτοι
435 1986 605 2038 θράσος
637 1983 729 2027 τόδ’
768 1983 887 2027 ἐστὶν
921 1984 1016 2027 οὐδ’
1056 1986 1284 2041 εὐτολμία,

282 2060 440 2110 φίλους
470 2064 612 2106 κακῶς
645 2055 801 2110 δρῶντ’
841 2053 915 2099 εἶτ’
953 2057 1156 2099 ἐναντίον
1188 2057 1379 2112 βλέπειν,
1561 2070 1631 2100 470

285 2125 378 2168 ἀλλ’
417 2127 443 2181 ἡ
477 2130 656 2181 μεγίστη
689 2134 776 2168 τῶν
809 2126 857 2169 ἐν
889 2127 1146 2182 ἀνθρώποις
1177 2131 1325 2170 νόσων

198 2307 266 2338 448
293 2309 361 2349 γῆν
386 2302 512 2350 τήνδε]
545 2302 655 2346 τήνδε
682 2308 751 2349 γῆν
771 2303 811 2338 Ε
914 2307 983 2337 450
1011 2302 1142 2350 εἵνεκ’]
1177 2303 1300 2339 οὕνεκ’
1331 2304 1418 2339 libri
1447 2306 1451 2350 Ι
1482 2302 1632 2351 ἐκπεσῇ]

104 2355 249 2390 ἐκπεσεῖ
267 2356 295 2392 S
330 2356 463 2402 ἐκπεσῇ
489 2357 501 2390 l
538 2355 705 2391 ἐκπεσεῖν
725 2357 765 2391 Ε
858 2361 926 2390 452
949 2355 1086 2392 Ἰάσον’
1118 2357 1282 2402 Elmsley
1379 2362 1447 2392 453
1475 2357 1574 2392 ἔσται
1596 2358 1632 2392 Β

105 2419 195 2444 corr.
217 2409 272 2443 B²
392 2413 460 2444 454
487 2409 611 2455 φυγήν
632 2410 672 2444 Ε
789 2413 857 2444 455
884 2410 957 2445 αἰεὶ
977 2411 1028 2457 L]
1069 2411 1128 2445 ἀεὶ
1147 2424 1167 2446 r
1286 2415 1352 2445 457
1381 2410 1489 2456 ἀνίης
1507 2412 1541 2446 L
1581 2423 1633 2451 εις

105 2473 184 2506 sup.
210 2476 254 2507 ης
285 2474 352 2498 scr.
379 2463 431 2498 L¹
463 2462 502 2497 in
533 2464 639 2497 textu
665 2477 686 2508 η
719 2463 758 2497 in
791 2475 839 2507 ει,
872 2463 1163 2509 superscriptum
1189 2477 1221 2499 ει
1253 2464 1291 2498 in
1317 2479 1339 2509 η
1365 2467 1455 2499 mut.
1477 2466 1489 2499 l
1515 2464 1632 2504 ἀνιεῖς

104 2515 252 2549 Brunck
349 2520 418 2551 460
443 2516 485 2551 τὸ
512 2516 577 2551 σὸν
604 2515 644 2551 δὲ
671 2517 705 2552 L
740 2516 782 2552 τὸ
809 2516 873 2552 σόν
899 2519 940 2552 δε
967 2518 1049 2564 Βα]
1081 2516 1234 2553 τοσόνδε
1260 2519 1300 2553 Ε
1328 2518 1369 2552 τὸ
1396 2517 1461 2553 σόν
1487 2530 1525 2562 γε
1553 2518 1589 2551 Ρ

104 2572 173 2602 462
201 2574 300 2614 φυγῆ
321 2569 356 2603 Β
383 2580 472 2604 corr.
495 2570 514 2604 b
611 2574 678 2604 463
707 2571 799 2616 αὑτῇ
828 2571 896 2617 Cb]
924 2570 1017 2615 αὑτὴ
1037 2571 1072 2605 L
1098 2572 1191 2617 αὐτῇ
1211 2584 1231 2607 r
1309 2575 1377 2606 466
1405 2569 1631 2617 ἀνανδρίαν]

105 2619 303 2656 ἀναίδειαν
329 2622 583 2667 W'ytbenbach
726 2626 795 2658 468
828 2635 939 2668 quem
970 2623 1040 2658 hoc
1072 2623 1153 2659 loco
1187 2624 1338 2669 legebat
1363 2623 1476 2658 etiam
1503 2626 1633 2658 auctor

104 2673 235 2709 Christ.
257 2676 332 2719 pat.
355 2679 435 2719 287,
461 2687 480 2711 e
500 2689 530 2711 v.
548 2680 639 2711 1324
660 2676 732 2711 huc
751 2678 954 2711 retractum
974 2687 1053 2711 esse
1073 2676 1168 2712 vidit
1182 2677 1330 2712 Brunck
1410 2680 1478 2710 469
1506 2676 1585 2711 οὔτι
1608 2677 1636 2712 S

104 2738 187 2762 cum
209 2727 423 2763 Herodiano
448 2730 533 2772 περὶ
559 2728 707 2773 ἀκυρολ.
734 2729 773 2764 in
793 2729 1015 2765 Boissonadi
1042 2731 1170 2765 anecd.
1193 2731 1242 2765 ΙΙΙ
1267 2743 1302 2775 p.
1325 2733 1392 2765 268
1418 2727 1522 2764 ταῦτ’
1553 2730 1630 2764 οὔτι

103 2779 270 2824 θάρσους
297 2780 394 2816 ἐστὶν
414 2780 546 2816 Christ.
566 2785 642 2827 pat.
666 2787 731 2817 292
756 2786 760 2829 1
784 2783 927 2827 θράσος
946 2784 981 2818 Β
1008 2783 1151 2827 θάρσος
1171 2785 1190 2818 b
1215 2782 1358 2827 θράσος
1382 2795 1506 2817 rursus
1533 2794 1630 2818 man.

103 2845 173 2868 rec.
284 2837 352 2868 470
380 2833 511 2877 δρῶντ’
543 2833 608 2870 εἶτ’
640 2836 786 2883 scripsi]
813 2836 989 2881 δράσαντ’
1019 2836 1107 2871 libri
1129 2837 1134 2882 Ι
1157 2834 1322 2882 βλέπειν,
1343 2837 1383 2870 Ε
1476 2841 1542 2871 471
1571 2849 1632 2881 με·

104 2887 223 2934 γίστη]
250 2885 420 2932 καλλίστη
441 2888 482 2923 Ε
