1929 3208
298 160 353 199 ως
929 159 1196 191 ιςΎιῚιιιΔον

511 268 557 309 ἐν
594 272 701 307 θεοῦ
734 266 974 319 μελάθροις
1006 263 1126 320 εἶχον
1160 265 1333 318 οἰκέτην
1366 267 1478 319 βίον.

511 341 558 379 τὰ
592 344 671 379 τοῦ
702 342 814 379 θεοῦ
847 335 926 391 μὶν
960 337 1136 391 χρηστά,
1170 343 1248 378 τοῦ
1282 334 1329 378 δὲ
1364 338 1573 391 δαίμονος

511 409 665 464 βαρέα·
701 410 863 463 χρόνον
896 409 978 461 γὰρ
1012 408 1064 449 ὅν
1096 424 1147 462 με
1182 415 1292 463 χρῆν
1325 407 1373 449 ἐν
1406 407 1613 461 ἀγκάλαις
1738 420 1826 450 ¹375

509 481 672 534 μητρὸς
704 485 923 533 τρυφῆσαι,
956 480 1031 520 καί
1059 495 1099 520 τι
1132 483 1381 533 τερφθῆναι
1416 481 1532 532 βίου,

508 552 817 606 ἀπεστερήθην
849 550 1058 605 φιλτάτης
1091 550 1252 605 μητρὸς
1283 555 1462 605 τροφῆς.

510 625 686 676 τλήμων
720 620 765 663 δὲ
800 620 852 675 χὴ
886 621 1071 662 τεκοῦσά
1103 618 1167 675 μ’·
1203 621 1260 670 ὡς
1291 621 1452 662 ταύτὸν
1484 620 1627 670 πάθος

511 692 723 741 πέπονθε,
755 693 912 741 παιδὸς
945 690 1195 733 ἀπολέσασα
1228 692 1461 746 χαρμονάς.

511 762 577 804 καὶ
617 769 698 804 νῦν
732 762 880 815 λαβὼν
912 761 1034 816 τήνδ’
1072 761 1273 816 ἀντίπηγ’
1312 767 1418 804 οἴσω
1452 763 1544 820 θεῷ
1734 774 1825 805 1380

514 831 727 889 ἀνάθημ’,
760 831 813 875 ἵν’
853 833 968 888 εὕρω
1001 831 1138 887 μηδὲν
1171 829 1233 875 ὧν
1265 835 1318 876 οὐ
1350 835 1579 889 βούλομαι.

517 907 558 948 εἰ
587 906 670 960 γάρ
703 921 753 959 με
789 906 925 959 δούλη
959 905 1164 959 τυγχάνει
1196 905 1383 947 τεκοῦσά
1415 922 1492 959 τις,

511 977 657 1031 εὑρεῖν
691 978 845 1018 κάκιον
877 975 1026 1031 μητέρ’
1061 977 1087 1030 ἢ
1120 975 1297 1030 σιγῶντ’
1335 976 1423 1018 ε’ᾶν.

513 1046 546 1090 ὦ
583 1050 734 1102 Φοῖβε,
767 1055 892 1097 ναοῖς
925 1047 1165 1102 ἀνατίθημι
1197 1049 1328 1102 τήνδε
1362 1055 1467 1097 σοῖς.

511 1121 652 1161 καίτοι
686 1122 730 1161 τί
757 1119 928 1173 πάσχω;
962 1124 1039 1160 τοῦ
1072 1123 1184 1161 θεοῦ
1217 1121 1447 1174 προθυμίᾳ
1738 1131 1827 1161 1385

514 1194 704 1245 πολεμῶ,
735 1192 788 1232 τὰ
821 1191 982 1245 μητρὸς
1015 1187 1199 1245 σύμβολ’
1239 1189 1286 1239 ὃς
1318 1189 1486 1232 σέσωκέ
1515 1206 1604 1244 μοι.

517 1260 747 1303 ἀνοικτέον
778 1259 874 1302 τάδ’
911 1259 1003 1303 ἐστὶ
1034 1259 1105 1302 καὶ
1137 1260 1395 1316 τολμητέον·

514 1334 565 1375 τὰ
600 1333 682 1387 γὰρ
714 1329 961 1387 πεπρωμέν’
999 1332 1078 1387 οὐχ
1111 1331 1355 1387 ὑπερβαίην
1388 1331 1482 1374 ποτ’
1520 1334 1586 1375 ἄν.

514 1401 547 1446 ὦ
581 1402 797 1458 στέμμαθ’
837 1403 947 1458 ἱερά,
979 1405 1024 1444 τί
1052 1402 1159 1445 ποτέ
1188 1419 1263 1457 μοι
1294 1404 1547 1455 κεκεύθατε,

517 1474 588 1517 καὶ
621 1470 827 1528 σύνδεθ’,
861 1469 949 1516 οἷσι
980 1472 1078 1528 τᾶμ’
1116 1474 1377 1529 ἐφρουρήθη
1411 1477 1536 1529 φίλα;
1739 1486 1829 1517 1390

519 1548 618 1588 ι’δοὺ
650 1544 908 1602 περίπτυγμ’
949 1545 1187 1600 ἀντίπηγος
1220 1545 1435 1588 εὐκύκλου

516 1619 574 1668 ὡς
607 1617 661 1660 οὐ
693 1615 899 1673 γεγήρακ’
937 1618 982 1659 ε”κ
1014 1632 1135 1666 τινος
1166 1617 1402 1671 θεηλάτου,

516 1690 655 1745 εὐρώς
686 1684 724 1730 τ’
760 1689 911 1730 ἄπεστι
943 1688 1219 1743 πλεγμάτων·
1253 1688 1276 1730 ὁ
1310 1686 1348 1729 δ’
1387 1688 1434 1730 ἐν
1465 1687 1583 1745 μέσῳ

519 1762 677 1815 χρόνος
708 1761 847 1810 πολὺς
879 1760 934 1813 δὴ
967 1760 1114 1801 τοῖσδε
1145 1762 1519 1814 θησαυρίσμασιν.

304 1834 390 1874 ΚΡ.
518 1834 563 1873 τί
592 1832 700 1885 δῆτα
733 1831 884 1886 φάσμα
919 1837 1007 1872 τῶν
1040 1830 1313 1872 ἀνελπίστων
1347 1831 1453 1885 ὁρῶ;
1743 1842 1833 1872 1395

304 1905 431 1945 ΙῼΝ.
519 1903 619 1956 σίγα
653 1902 726 1943 σύ·
759 1902 900 1943 πολλὰ
932 1899 1003 1943 καὶ
1036 1901 1254 1956 πάροιθεν
1288 1898 1422 1943 οἶσθά
1455 1918 1539 1956 μοι.

304 1976 390 2015 ΚΡ.
521 1973 602 2015 οὐκ
633 1973 681 2015 ἐν
713 1979 853 2028 σιωπῇ
886 1973 1015 2027 τάμά·
1050 1974 1107 2028 μή
1140 1988 1191 2027 με
1224 1972 1441 2015 νουθέτει.

517 2045 605 2099 ὁρῶ
638 2046 721 2099 γὰρ
754 2046 888 2099 ἄγγος
921 2041 974 2086 οὗ
1001 2042 1169 2098 ’ξέθηκ’
1209 2044 1293 2099 ἐγώ
1326 2059 1429 2087 ποτε

518 2116 570 2158 σε’
598 2115 657 2169 γ’,
691 2113 724 2158 ὦ
758 2115 913 2158 τέκνον
945 2131 1035 2170 μοι,
1066 2114 1231 2170 βρέφος
1263 2114 1320 2158 ἔτ’
1359 2117 1465 2158 ὄντα
1496 2118 1672 2170 νήπιον,

520 2185 746 2243 Κέκροπος
777 2187 820 2236 ἐς
853 2188 989 2241 ἄντρα
1020 2184 1093 2228 καὶ
1128 2187 1315 2241 Μακρὰς
1346 2194 1642 2243 πετρηρεφεῖς.
1744 2198 1835 2229 1400

520 2260 655 2309 λείψω
691 2256 738 2300 δὲ
771 2259 921 2312 βωμὸν
953 2258 1096 2310 τόνδε,
1129 2259 1196 2298 κεί
1225 2261 1386 2299 θανεῖν
1418 2274 1469 2312 με
1501 2260 1596 2313 χρή.

404 2431 494 2461 1374
520 2427 602 2462 fort.
632 2428 676 2462 τὰ
703 2428 743 2463 δὲ
770 2434 834 2462 τοῦ
862 2426 1039 2472 δαίμονος
1169 2432 1256 2462 1375
1284 2426 1319 2471 μ’
1352 2427 1461 2472 ἐχρῆν
1487 2429 1566 2462 LP
1680 2432 1769 2463 1378
1797 2428 1836 2463 δὲ

307 2481 368 2527 χὴ]
396 2480 586 2525 Schaefer,
624 2480 665 2516 δέ
696 2480 737 2516 θ’
768 2481 790 2526 Γἡ
818 2482 896 2516 LP
920 2488 923 2489 ’
1029 2484 1118 2515 1380
1151 2481 1254 2527 οἴσω]
1286 2481 1473 2525 Brodeau,
1507 2479 1609 2516 οἷσον
1635 2483 1737 2525 LP1
1759 2485 1837 2529 θεῷ

308 2534 449 2568 factum
477 2546 519 2568 ex
545 2537 633 2569 θεοῖ
657 2535 694 2569 in
722 2536 755 2570 L
874 2539 959 2569 1381
990 2534 1110 2579 μηθὲν
1136 2535 1215 2569 LP
1330 2538 1418 2569 1384
1446 2535 1565 2579 ναοῖς]
1592 2534 1674 2568 fort.
1702 2536 1838 2580 βωμοῖς

406 2591 494 2621 1386
523 2587 670 2635 σέσωκε]
697 2588 853 2631 Dobrec,
880 2588 986 2622 ἔσωσε
1014 2590 1047 2622 L
1062 2588 1092 2621 Ι)
1210 2592 1299 2622 1388
1327 2588 1408 2634 οὐχ]
1436 2587 1585 2631 Nauck,
1613 2586 1695 2622 οὐδ’
1726 2588 1804 2622 LP
1829 2587 1832 2633 Ι

314 2639 535 2687 ὑπερβαίην]
556 2641 613 2676 vel
634 2640 836 2687 ὑπερβαίης
857 2642 1005 2685 Barnes,
1028 2639 1207 2687 ὑπερβαίη
1228 2642 1314 2677 LP.
1353 2640 1534 2687 ὑπερβαίη
1556 2654 1609 2681 τις
1628 2640 1835 2676 Wakefield

407 2698 496 2728 1390
523 2693 667 2729 σύνδετ’
698 2695 777 2730 LP
890 2698 979 2728 1392
1008 2694 1046 2728 ἐκ
1072 2694 1181 2739 τύχης
1207 2695 1374 2728 Badhan]
1493 2699 1583 2728 1396
1610 2695 1720 2728 choro
1746 2694 1837 2727 dant

310 2747 397 2790 LP,
437 2758 526 2781 corr.
560 2748 683 2782 Heath
712 2749 716 2793 Ι
746 2746 845 2793 σίγα]
883 2748 920 2781 L.
955 2747 1127 2791 I›in‹10rf‚
1167 2753 1273 2793 σιγᾶν
1307 2749 1385 2781 LP
1405 2751 1408 2791 Ι
1432 2747 1544 2791 πολλὴ
1573 2775 1579 2781 .
1609 2775 1615 2782 .
1641 2743 1743 2791 ἧσθά
1774 2759 1835 2791 μοι.

309 2800 493 2845 Hartllng,
520 2801 603 2836 fort.
630 2800 746 2835 πολλὰ
771 2801 834 2835 καὶ
859 2799 978 2843 πάρος
1004 2800 1158 2836 σύνοιδά
1186 2813 1242 2835 σοι,
1318 2805 1408 2836 1398
1435 2799 1477 2835 οὗ
1500 2799 1665 2846 ’ξέθηκἺ
1686 2800 1834 2843 Aldina,

311 2851 484 2897 &ivgfflrpz'
510 2854 595 2887 LP.
638 2852 828 2898 οὑξέθηκ’,
856 2854 978 2887 deleto
1004 2867 1037 2888 v.
1064 2853 1241 2898 proximo,
1270 2854 1386 2888 Cobeb
1481 2857 1570 2888 1400
1597 2852 1697 2887 delet
1721 2852 1835 2898 Paley

410 2911 497 2941 1401
527 2908 609 2942 fort.
636 2905 746 2941 λείπω
