1929 3208
854 149 938 181 lseN
1602 146 1655 185 51

346 257 511 310 χθονὸς
542 255 627 297 ὑπὸ
661 257 848 298 σκοτίων
879 262 1033 310 μυχῶν

346 330 569 381 πορευθῶ,
601 327 803 368 θανάτου
836 327 1045 379 λεύσιμον
1077 327 1186 367 ἄταν
1570 334 1659 363 1240

346 396 668 451 ἀποφεύγουσ’,
703 397 728 452 ἢ
760 399 1018 452 τεθρίππων

347 469 534 510 ὠκιστᾶν
566 472 704 522 χαλᾶν
737 467 924 522 ἐπιβᾶσ’,

347 539 372 592 ἢ
405 540 607 593 πρύμνας
640 538 706 581 ἐπὶ
741 547 883 588 ναῶνς

349 669 429 710 οὐκ
462 671 551 710 ἔστι
584 673 756 722 λαθεῖν,
789 669 859 710 ὅτε
892 670 950 723 μὴ
982 667 1153 724 χρῄζων

345 741 450 789 θεὸς
482 739 712 781 ἐκκλέπτει.
1571 748 1659 778 1245

345 812 391 851 τί
418 806 533 864 ποτ’,
566 807 599 851 ὦ
632 809 762 864 μελέα
796 809 1022 863 δέσποινα,
1057 809 1176 865 μένει

346 886 462 935 ψυχῇ
495 892 542 922 σε
573 885 756 929 παθεῐνς
791 877 873 934 ἆρα
907 880 1122 923 θέλουσαι

346 953 510 1006 δρᾶσαί
537 967 577 993 τι
609 953 745 993 κακὸν
776 953 880 1001 τοὺς
912 952 1044 1002 πέλας
1077 951 1204 994 αὐταὶ

345 1020 594 1077 πεισόμεθ’,
627 1023 772 1077 ὥσπερ
803 1023 852 1064 τὸ
886 1023 1080 1073 δίκαιον;

775 1188 1012 1221 ΚΡΕΟΤΣΑ.

294 1261 553 1315 πρόσπολοι,
587 1261 867 1313 διωκόμεσθα
898 1261 1179 1314 θανασίμους
1212 1259 1280 1301 ε’πὶ
1314 1260 1501 1314 σφαγάς,
1572 1270 1661 1300 1250

295 1333 450 1387 Πυθίᾳ
482 1332 616 1387 ’ψήφῳ
649 1328 923 1385 κρατηθεῖσ’,
957 1331 1135 1380 ἔκδοτος
1167 1328 1215 1372 δὲ
1247 1334 1467 1386 γίγνομαι.

139 1406 227 1444 ΧΟ.
300 1407 439 1456 ἴσμεν,
474 1399 506 1442 ὦ
539 1402 738 1453 τάλαινα,
771 1402 845 1450 τὰς
877 1402 955 1451 σὰς
988 1402 1233 1456 συμφοράς,
1265 1400 1323 1443 ἵν’
1360 1399 1402 1444 εἴ
1431 1403 1574 1456 τύχης.

135 1476 220 1515 ΚΡ.
297 1481 376 1515 ποῖ
405 1474 532 1527 φύγω
567 1470 683 1526 δῆτ’;
718 1472 896 1527 ἀρκύων
928 1474 1010 1527 γὰρ
1043 1474 1298 1528 προύλαβον
1331 1476 1459 1528 μόγις
1490 1475 1603 1515 πόδα

294 1545 351 1599 μὴ
383 1549 557 1596 θανεῖν,
590 1547 728 1598 κλοπῇ
762 1542 803 1584 δ’
836 1543 1024 1598 ἀφῖγμαι
1057 1545 1340 1599 διαφυγοῦσα
1366 1549 1614 1600 πολεμίους.

136 1618 224 1657 ΧΟ.
295 1622 374 1657 ποῖ
414 1613 452 1656 δ’
504 1613 558 1655 ἂν
603 1611 752 1656 &Mod
800 1614 825 1668 ἢ
867 1613 931 1656 ’πὶ
977 1617 1147 1670 βωμόν;
1244 1618 1328 1657 KP.
1381 1614 1451 1657 καὶ
1502 1618 1548 1656 τί
1588 1632 1662 1670 μοι

1163 1686 1298 1728 πλέον
1329 1687 1451 1737 τόδε;
1577 1697 1663 1727 1255

135 1761 225 1799 XO.
297 1756 431 1799 ἱκέτιν
459 1757 512 1799 οὐ
537 1756 665 1811 θέμις
692 1757 911 1810 φονεύειν.
963 1760 1051 1800 ΚΡ.
1077 1763 1136 1814 τῷ
1165 1759 1285 1814 νόμω
1314 1757 1366 1800 δέ
1388 1754 1428 1812 γ’
1460 1759 1665 1812 ὄλλυμαι..

137 1832 225 1871 XO.
297 1830 436 1883 χειρία
468 1826 509 1881 γ’
547 1827 726 1870 ἁλοῦσα.
780 1830 866 1870 KP.
899 1827 970 1870 καὶ
1003 1829 1090 1883 μὴν
1123 1825 1209 1871 οἵδ’
1245 1828 1484 1883 ἀγωνισταὶ
1514 1828 1662 1884 πικροὶ

296 1898 417 1954 δεῦρ’
455 1898 703 1952 ἐπείγονται
735 1899 942 1954 ξιφήρεις.
1007 1903 1096 1942 ΧΟ.
1129 1901 1187 1951 ἵζε
1220 1916 1306 1942 νυν
1337 1906 1478 1954 πυρᾶς
1511 1902 1592 1941 ἔπι.

294 1970 377 2012 κᾶν
409 1970 552 2025 θάνῃς
583 1970 667 2024 γὰρ
701 1968 856 2011 ἐνθάδ’
894 1967 1019 2023 οὖσα,
1051 1978 1143 2020 τοῖς
1175 1971 1461 2013 ἀποκτείνασί
1489 1982 1537 2012 σε

295 2043 621 2095 προστρόπαιον
646 2036 752 2094 αἷμα
776 2043 950 2095 θήσεις·
977 2040 1149 2084 οἰστέον
1177 2040 1224 2084 δὲ
1250 2043 1330 2096 τὴν
1356 2043 1507 2097 τύχην.
1571 2054 1664 2083 1260

135 2115 262 2154 ΙΩΝ.
297 2110 329 2154 ὦ
363 2114 677 2167 ταυρόμορφον
710 2113 826 2167 ὄμμα
861 2115 1070 2167 Κηφισοῦ
1101 2115 1278 2168 πατρός,

298 2184 397 2225 οἵαν
429 2184 609 2238 ἔχιδναν
640 2181 765 2236 τήνδ’
804 2185 973 2238 ἔφυσας
1004 2183 1031 2238 ἢ
1063 2185 1202 2239 πυρὸς

296 2251 500 2309 δράκοντ’
537 2252 840 2308 ἀναβλέποντα
873 2257 1056 2309 φοινίαν
1088 2257 1248 2310 φλόγα,

295 2319 322 2380 ἧ
354 2322 491 2379 τόλμα
523 2321 624 2366 παῦ’
661 2325 845 2378 ἔνεστιν,
880 2324 974 2366 οὐδ’
1013 2326 1163 2380 ἥσσων
1196 2328 1282 2380 ἔφυ

233 2523 323 2553 1239
350 2517 502 2553 σκοτίων
524 2519 568 2561 L,
595 2516 733 2552 σκότων
761 2519 803 2553 P.
848 2516 1015 2559 σκοτίους
1040 2520 1177 2564 μυχοὺς
1196 2519 1368 2562 Hartung
1453 2521 1540 2551 1241
1569 2517 1662 2551 ἀπο-

137 2570 311 2617 φεύγουὸ
337 2570 374 2618 ἦ]
395 2571 536 2616 scripsi,
556 2571 820 2615 ἀποφεύγουσα
841 2572 919 2605 LP
992 2576 1081 2606 1242
1102 2573 1260 2606 ὠκιστᾶν
1281 2572 1412 2616 χαλᾶν]
1432 2571 1463 2604 «Ι.
1487 2569 1662 2614 Heiland,

138 2623 296 2659 ὠκίσταν
315 2624 430 2669 χαλὰν
446 2625 523 2658 LP
589 2628 678 2657 1243
699 2625 815 2669 ναῶν]
837 2624 919 2658 fort.
942 2623 1030 2665 ναός
1105 2629 1194 2658 1244
1215 2625 1363 2669 λαθεῖν]
1378 2624 1421 2658 H.
1441 2623 1664 2667 Stephanus,

137 2678 263 2723 λαβεῖν
290 2678 322 2711 L
333 2678 367 2710 -P
480 2681 568 2711 1246
596 2675 710 2722 μένει]
737 2677 880 2720 Portus,
906 2676 1003 2721 μέλει
1030 2679 1108 2712 LP
1221 2681 1307 2711 1247
1336 2676 1408 2719 ἄρα
1436 2676 1522 2719 ΕΙ),
1551 2673 1623 2719 ἆρα
1651 2678 1663 2710 I

235 2734 321 2763 1251
353 2728 497 2777 Πυθίᾳ]
524 2730 566 2764 H.
594 2730 814 2774 Stephanus,
839 2729 967 2764 πυθίω
993 2732 1095 2775 LP!
1119 2729 1264 2775 γίνομαι
1295 2730 1373 2764 LP
1491 2733 1580 2763 1252
1608 2729 1660 2764 ἵν’

139 2781 173 2817 εἷ
197 2784 320 2828 τύχης]
349 2782 528 2827 Scaliger,
562 2781 610 2816 ἵν’
642 2783 803 2827 εὐτυχεῖς
829 2782 907 2816 LP
1027 2788 1115 2817 1253
1143 2783 1291 2826 ἀρκύων
1324 2782 1410 2828 γὰρ]
1445 2782 1592 2827 scripsi,
1626 2783 1664 2817 ἐκ

139 2835 208 2880 γὰρ
235 2835 336 2870 ἄκων
363 2836 394 2869 L
410 2836 449 2878 P,
476 2835 514 2869 ἐκ
541 2835 609 2880 γὰρ
637 2835 749 2870 οἴκων
770 2836 954 2871 Victorius
978 2839 982 2880 Ι
1005 2836 1106 2880 μόλις
1132 2835 1292 2869 Dindorf
1398 2839 1487 2869 1254
1515 2837 1664 2870 κλοπεῖν

141 2888 185 2932 Ρ,
211 2890 326 2933 κλοπὴ
349 2900 377 2933 p
475 2891 564 2923 1258
591 2890 669 2923 ΧΟ.
697 2900 766 2924 om.
795 2890 830 2923 P
926 2893 1015 2924 1259
1042 2887 1129 2935 κᾶν]
1156 2887 1202 2932 ἣν
1227 2888 1359 2922 Nauck

1404 2947 1450 2982 4*
