1929 3208
272 166 329 203 31)
901 164 1169 196 1·’.’1“1ἾΙΙΙΔ()Ύ“

276 277 362 315 Ι’,“.Ι.
455 273 620 326 Κύπρις
653 265 686 328 ᾧ
720 269 764 325 μ’
803 269 1050 320 ἐπένευσεν,
1101 273 1199 312 Mla.
1234 267 1266 311 ὦ
1298 273 1474 325 τλᾶμον.

276 348 362 384 1’,“,1.
449 343 642 397 τλάμονα
676 343 902 396 τλαμόνως
935 337 1105 383 ἐπε’λασ’
1145 342 1368 398 Αἰγύπτῳ.

278 417 373 455 ΜΕ.
449 411 525 455 εἶτ’
562 410 771 454 ἀντέδωκ’
810 414 1011 465 εἴδωλον,
1043 412 1101 461 ὡς
1134 411 1268 454 σέθεν
1301 411 1429 453 κλύω.

276 489 362 526 1011.
449 485 500 525 τὰ
535 482 580 525 δὲ
615 485 669 525 σὰ
703 485 809 525 κατὰ
842 482 1042 538 μέλαθρα
1076 483 1221 524 πάθεα
1253 483 1412 536 πάθεα,
1445 489 1523 537 μᾶ-

450 572 537 609 τερ,
571 555 616 596 οἳ
644 554 741 608 ἐγώ.
794 557 893 596 ΜΕ.
926 556 972 595 τί
999 556 1104 609 φής;
1732 565 1800 595 685

276 630 362 669 ΕΑ.
451 627 530 667 οὐκ
563 628 682 667 ἔστιν
715 625 872 680 μάτηρ·
909 625 1119 680 ἀγχόνιον
1151 627 1316 680 βρόχον

451 696 507 739 δι’
545 695 617 751 ἐμὲ
650 698 918 751 κατεδήσατο
953 697 1181 750 δύσγαμον
1214 696 1414 751 αἰσχύνᾳ.

276 774 374 813 ΜΕ.
451 770 580 824 ὤμοι·
612 770 837 822 θυγατρὸς
873 767 913 809 δ’
944 767 1176 822 Ἑρμιόνης
1208 769 1328 809 ἔστιν
1360 769 1474 821 βιός;

278 845 363 883 Iu'xl.
452 842 619 895 ἄγαμος
651 841 846 890 ἄτεκνος,
880 836 913 881 ὦ
946 841 1063 890 πόσι,
1096 837 1347 881 καταστένει

450 912 593 966 γάμον
625 912 797 965 ἄγαμον
831 910 1070 966 [αἰσχύνᾳ]
1735 921 1803 951 690

278 987 374 1026 ΜΕ.
450 981 483 1025 ὦ
516 989 602 1024 πᾶν
635 981 726 1023 κατ’
765 983 900 1035 ἄκρας
934 979 1042 1036 δῶμ’
1080 980 1185 1035 ε’μὸν
1217 979 1380 1035 πέρσας
1413 980 1570 1035 Πάρις,

451 1055 555 1097 τάδε
588 1052 659 1095 καὶ
692 1051 740 1095 σε
774 1054 956 1095 διώλεσε
990 1053 1207 1107 μυριάδας
1239 1068 1283 1094 τε

455 1126 736 1179 χαλκεόπλων
769 1127 976 1166 Δαναῶν.

276 1200 365 1238 ΕΛ.
453 1194 525 1250 ἐμὲ
559 1194 606 1237 δὲ
638 1196 850 1249 πατρίδος
881 1196 965 1236 ἄπο
997 1196 1273 1248 κακόποτμον
1307 1193 1467 1247 ἀραίαν

452 1269 580 1321 ἔβαλε
613 1267 719 1316 θεὸς
751 1266 834 1308 ἀπό
866 1281 911 1307 τε
943 1267 1100 1314 πόλεος
1132 1264 1216 1306 ἀπό
1248 1280 1293 1306 τε
1325 1263 1476 1317 σέθεν,
1737 1274 1805 1305 695

455 1339 525 1380 ὅτε
557 1336 758 1392 μέλαθρα
791 1336 917 1391 λέχεά
948 1335 986 1377 τ’
1023 1338 1176 1378 ἔλιπον
1209 1335 1262 1377 οὐ
1296 1333 1470 1377 λιποῦσ’

454 1407 518 1452 ἐπ’
557 1411 754 1464 αἰσχροῖς
785 1409 954 1463 γάμοις.

279 1526 368 1564 ΧΟ.
456 1523 496 1564 εἰ
525 1520 597 1564 καὶ
628 1522 681 1563 τὰ
713 1521 845 1563 λοιπὰ
877 1525 953 1575 τῆς
983 1520 1117 1575 τύχης
1149 1519 1417 1574 εὐδαίμονος

455 1594 642 1648 τύχοιτε,
675 1593 785 1648 πρὸς
815 1593 867 1634 τὰ
898 1593 1099 1647 πρόσθεν
1132 1589 1358 1645 ἀρκέσειεν
1383 1591 1449 1632 ἄν.

279 1667 407 1707 ΑΓΓ.
458 1663 677 1718 Μενέλαε,
708 1661 840 1717 κάμοὶ
872 1663 1104 1717 προσδότω
1136 1678 1202 1712 τις
1232 1661 1410 1716 ἡδονῆς,
1741 1671 1808 1703 700

455 1735 511 1789 ἣν
543 1735 759 1790 μανθάνω
792 1732 872 1788 μὲν
903 1733 1076 1786 καύτός,
1111 1733 1164 1775 οὐ
1198 1739 1348 1787 σαφῶς
1381 1729 1421 1774 δ’
1459 1733 1553 1787 ἔχω.

278 1810 381 1848 ME.
457 1802 571 1860 ἀλλ’,
604 1802 637 1847 ὦ
670 1804 831 1860 γεραιέ,
863 1803 935 1846 καὶ
967 1806 1023 1847 σὺ
1055 1804 1260 1846 κοινώνει
1292 1805 1450 1858 λόγων.

281 1880 408 1920 ΑΓΓ.
460 1877 540 1932 οὐχ
573 1877 651 1931 ἥδε
684 1878 867 1931 μόχθων
899 1882 988 1917 τῶν
1021 1875 1068 1917 ἐν
1097 1873 1208 1932 Ἰλίῳ
1241 1875 1451 1930 βραβεύς;

279 1952 380 1990 ΜΕ.
459 1948 538 2002 οὐχ
572 1948 664 2001 ἥδε,
696 1948 806 2001 πρὸς
836 1950 957 1988 θεῶν
991 1943 1032 1987 δ’
1069 1942 1179 2000 ἦμεν
1210 1943 1494 2000 ἠπατημένοι,

375 2064 440 2093 681
476 2057 670 2093 ἐπένευσεν
697 2057 786 2101 LG,
819 2055 983 2092 ἐπένευσ’
1014 2057 1026 2091 Z
1066 2058 1070 2101 1
1111 2057 1264 2102 τλᾶμον]
1289 2055 1444 2100 Aldina,
1476 2058 1613 2101 τλῆμον
1639 2056 1717 2091 LG

280 2118 347 2148 682
387 2111 551 2157 τλάμονα
594 2110 798 2157 τλαμόνως]
838 2109 1033 2144 Kirchhoff
1071 2108 1248 2154 (τλάμονα
1291 2107 1442 2153 τλάμον’
1486 2106 1552 2143 ὧδ’
1595 2108 1811 2153 Hermann),

280 2166 426 2211 τλάμων
458 2165 604 2210 τλάμων
636 2162 701 2200 ὧδ’
739 2165 818 2199 LG
951 2168 1019 2198 684
1052 2162 1097 2197 σὰ
1129 2162 1239 2209 κατὰ]
1271 2162 1476 2206 Hermann,
1516 2161 1611 2196 κατὰ
1639 2162 1717 2197 LG

281 2225 349 2255 685
375 2222 462 2254 ME.
490 2219 531 2253 in
559 2219 603 2262 G,
635 2218 774 2253 lineola
800 2217 838 2251 in
864 2219 899 2252 L
1020 2220 1087 2251 686
1115 2216 1186 2251 ἔστι
1213 2216 1291 2250 LG
1331 2217 1335 2260 l
1377 2213 1555 2260 ἀγχόνιον
1581 2215 1671 2257 LG,
1701 2213 1811 2260 ἀγχό-

281 2286 382 2309 νειον
410 2274 421 2308 Z
461 2275 465 2318 Ι
506 2271 657 2318 βρόχον]
690 2271 835 2317 Reisig,
868 2270 908 2305 δὲ
941 2269 1077 2316 βρόχον
1103 2270 1181 2304 LG
1303 2272 1369 2303 687
1397 2268 1602 2314 δύσγαμον]
1628 2268 1811 2312 Brodeau,

282 2327 468 2372 δύσγαμος
493 2326 583 2369 LG,
609 2325 791 2369 δύσμορος
810 2324 943 2359 Nauck
972 2326 976 2370 Ι
1008 2323 1181 2371 αἰσχύνᾳ]
1207 2322 1407 2365 Hermann,
1435 2321 1614 2366 αἰσχύναν
1640 2321 1718 2356 LG

283 2384 350 2415 688
372 2378 425 2420 τίς
445 2392 505 2423 μοι
525 2379 715 2424 θυγατρὸς
729 2376 929 2422 Ἑρμιόνης
947 2377 1117 2411 Badham
1138 2378 1142 2420 Ι
1167 2375 1239 2410 ἔστι
1257 2375 1346 2418 LG,
1367 2374 1464 2409 ἔστιν
1485 2376 1496 2409 Z
1573 2377 1640 2409 689
1662 2374 1814 2414 ἄτεκνος

283 2433 435 2473 ἄτεκνος
455 2433 544 2476 LG,
571 2432 731 2466 alterum
758 2431 896 2466 delevit
917 2431 928 2464 l
950 2432 954 2474 Ι
977 2429 1078 2475 πόσι]
1100 2428 1249 2471 Aldina,
1275 2426 1382 2467 πόσις
1401 2428 1479 2462 LG
1568 2431 1636 2461 690
1656 2427 1813 2473 αἰσχύνα

282 2487 372 2530 LG,
399 2486 580 2531 αἰσχύναν
601 2486 612 2519 I
634 2487 637 2531 Ι
662 2484 781 2530 γάμον
808 2484 895 2528 ἐμὸν
923 2483 1079 2529 ἄγαμον,
1106 2482 1224 2517 eiecto
1251 2481 1420 2529 αἰσχύνᾳ,
1439 2481 1478 2516 L.
1500 2479 1667 2524 Dindorf,
1693 2480 1813 2526 γάμον

284 2540 429 2585 ἄγαμον
450 2538 538 2583 ἐμόν
557 2539 748 2573 Hermann
827 2541 894 2572 692
915 2536 1080 2571 Helenae
1100 2538 1228 2570 notam
1248 2534 1422 2580 praefixit
1444 2534 1478 2569 G
1560 2537 1629 2568 694
1647 2533 1813 2568 Helenae

282 2595 410 2627 not-an]
437 2605 507 2627 om.
534 2592 624 2635 LG,
655 2591 829 2636 praefixit
855 2591 867 2624 l
907 2592 910 2635 Ι
951 2588 1130 2633 πατρίδος
1159 2587 1396 2632 κακόποτμον
1422 2587 1518 2622 δύαν
1543 2586 1694 2630 Nauck,
1728 2587 1812 2622 fort..

283 2645 462 2691 πατρίδος
481 2644 719 2689 κακόποτμον
736 2643 889 2687 Ἐρινύν
975 2647 1042 2677 695
1065 2643 1189 2688 ἔβαλλε
1210 2643 1300 2685 LG,
1326 2641 1427 2687 ἔβαλε
1455 2640 1533 2675 cod.
1555 2640 1663 2675 Laur.
1684 2644 1740 2684 31,
1763 2644 1780 2674 1
1806 2640 1810 2686 Ι

284 2714 320 2735 τε
359 2699 504 2745 πόλεος]
538 2697 741 2741 Matthiae,
779 2695 909 2736 πόλεος
941 2696 1019 2731 LG
1141 2700 1208 2730 696
1242 2694 1316 2741 ὅτε]
1350 2694 1511 2738 Dobree,
1551 2692 1607 2728 ὅτι
1640 2693 1718 2728 LG'·

285 2757 353 2787 698
376 2753 502 2799 τύχης]
529 2751 612 2796 ζόης
633 2751 750 2786 Cobeb
844 2754 910 2784 700
931 2748 1122 2793 προσδότω
1147 2749 1216 2795 τις]
1243 2747 1386 2793 scripsi,
1412 2745 1593 2790 πρόσδοτε
1620 2744 1814 2792 (πρόσδοτέ

285 2820 318 2841 τι
345 2807 369 2851 Γ)
402 2812 465 2851 τῆς
490 2806 568 2840 LG
667 2808 732 2838 701
760 2802 826 2848 μὲν
853 2804 914 2837 καὶ
943 2803 1053 2843 αὐτὸς
1078 2803 1113 2837 L
1139 2802 1287 2847 (καύτὸς
1313 2802 1355 2846 Ζ),
1388 2799 1429 2834 δὲ
1455 2800 1518 2834 καὶ
1545 2799 1657 2839 αὐτὸς
1685 2799 1717 2833 G

287 2864 457 2894 704-11
492 2858 652 2893 lineolae
685 2857 856 2891 omnibus
889 2856 1054 2891 versibus
1085 2856 1271 2902 praefixae
1303 2854 1342 2888 in
1375 2855 1427 2898 L,
1460 2856 1528 2888 704
1561 2851 1710 2897 nuntio,
1746 2855 1812 2886 705

286 2913 456 2948 Menelao
483 2911 616 2947 tribuit
638 2911 671 2946 G·
