1929 3208
543 137 815 173 PRAEFATIO
842 136 1085 173 EDITIONIS
1110 137 1306 173 PRIMAE.
1626 138 1692 173 VII

165 248 299 291 altera
342 251 462 303 parte
507 250 625 289 stant
657 247 780 290 BEa
824 245 972 303 (atque
1012 246 1170 288 artiore
1208 246 1376 288 vinculo
1415 246 1549 288 iuncti
1593 250 1692 288 sunt

164 320 271 373 BE,
303 319 487 360 medium
522 318 730 373 quendam
762 318 903 359 locum
936 320 1052 359 tenet
1084 316 1142 374 a),
1175 317 1226 358 ab
1261 317 1393 359 altera
1419 318 1460 359 S.
1506 318 1691 372 pretium

164 390 341 431 duarum
373 389 572 431 classium
603 404 691 431 non
722 404 897 444 prorsus
923 404 1000 444 par
1027 392 1104 444 est,
1139 403 1232 430 cum
1259 403 1460 430 numerus
1487 389 1691 430 vitiorum

163 463 206 502 et
255 461 637 515 interpolationum
687 460 848 515 primae
893 460 1041 501 classis
1086 460 1226 502 minor
1271 460 1346 516 sit,
1396 460 1466 501 sed
1511 460 1692 502 secunda

163 531 311 572 classis
342 546 430 573 non
461 531 597 573 multo
631 531 815 572 deterior
848 545 895 572 ac
925 545 1194 584 nequaquam
1221 530 1359 571 hercle
1386 532 1692 572 contemnenda

163 605 240 644 est.
289 603 402 657 quod
434 603 673 644 accuratius
705 616 805 643 mox
837 601 1138 642 demonstrabo
1172 601 1221 641 de
1254 601 1452 642 universa
1483 601 1691 643 librorum

163 673 494 728 Euripideorum
533 673 699 714 ratione
731 688 777 713 ac
808 673 1032 727 praecipue
1064 672 1114 713 de
1146 671 1287 713 codice
1320 672 1353 713 S
1382 672 1691 726 disputaturus

281 745 492 799 integram
544 743 638 784 dedi
682 743 879 784 lectionis
923 743 1194 799 varietatem,
1243 743 1447 797 respectis
1493 744 1690 784 omnibus

163 815 414 857 correcturis
454 818 495 856 et
533 814 712 869 rasuris,
751 814 907 855 codicis
938 814 1000 869 B,
1038 813 1236 855 selectam
1277 814 1433 855 codicis
1465 828 1502 855 a.
1565 814 1691 855 attuli

163 901 308 927 omnes
334 885 551 941 lectiones,
581 884 786 940 neglectis
812 884 960 925 multis
988 884 1241 925 correcturis
1269 887 1310 925 et
1337 885 1509 940 rasuris,
1537 885 1692 926 codicis

160 957 207 1000 E
235 959 290 1012 et,
322 959 530 1012 quantum
561 956 764 1011 indagare
794 956 930 1011 potui,
963 955 1120 997 codicis
1155 955 1195 997 S.
1241 955 1412 1010 neglexi
1444 955 1691 1010 plerumque

161 1028 266 1069 vitia
312 1030 581 1083 accentuum,
624 1027 848 1081 praecipue
893 1026 1188 1068 encliticorum
1226 1024 1401 1082 (quibus
1440 1027 1605 1068 librarii
1644 1027 1695 1069 δέ

161 1099 341 1154 addunt,
383 1098 557 1140 demunt
601 1097 684 1154 τε),
727 1098 818 1139 iota
858 1100 1025 1139 mutum
1066 1096 1200 1154 (quod
1239 1097 1447 1139 omittunt
1485 1101 1559 1139 aut
1597 1099 1691 1140 sub-

161 1169 353 1211 scribunt
378 1169 525 1224 RES,
559 1169 763 1211 adscribit
790 1171 863 1210 aut
890 1168 1052 1210 omittit
1078 1168 1136 1224 a),
1163 1169 1268 1210 alias
1293 1169 1508 1224 minutias,
1536 1170 1690 1224 quibus

159 1240 269 1282 nihil
295 1240 578 1282 tribuendum.
629 1241 861 1282 levioribus
887 1240 932 1281 in
958 1240 1084 1281 rebus
1111 1240 1457 1296 orthographicis
1485 1243 1526 1281 et
1553 1255 1690 1295 gram-

160 1312 328 1353 maticis
379 1312 507 1353 tacite
557 1312 691 1353 libros
737 1312 913 1353 deserui.
988 1311 1158 1367 scripsi,
1207 1311 1457 1366 plerumque
1500 1312 1690 1352 codicum

161 1383 342 1424 lectione
385 1398 471 1424 non
515 1386 737 1438 annotata,
781 1383 824 1432 ἐς
874 1398 950 1437 pro
996 1385 1077 1435 εἰς,
1122 1383 1195 1424 ubi
1239 1386 1423 1424 metrum
1467 1383 1691 1439 permittit,

162 1455 250 1496 αἰεί
284 1469 360 1508 pro
400 1454 486 1505 ἀεί,
532 1454 605 1495 ubi
643 1454 761 1508 prior
799 1454 964 1508 syllaba
1006 1454 1272 1508 producitur,
1316 1458 1522 1510 γίγνομαι
1555 1458 1597 1496 et
1629 1472 1691 1509 γι-

160 1526 346 1579 γνώσκω
380 1539 457 1579 pro
490 1528 669 1580 γίνομαι
702 1527 744 1565 et
776 1526 998 1578 γινώσκω,
1033 1524 1154 1582 σῴζω
1186 1540 1263 1579 pro
1297 1527 1432 1578 σώζω,
1465 1526 1487 1568 ὃ
1521 1525 1601 1581 μὲν
1635 1551 1689 1556 ’-

161 1595 183 1637 ὃ
229 1593 276 1637 δὲ
322 1610 400 1650 pro
445 1595 468 1637 ὁ
512 1593 592 1649 μὲν
634 1621 689 1626 -
733 1595 755 1638 ὁ
802 1593 861 1638 δὲ.
924 1596 1150 1637 secundam
1193 1611 1419 1650 personam
1461 1598 1568 1652 sing.
1607 1598 1689 1639 ind.

161 1667 395 1721 praesentis
429 1669 471 1708 et
501 1666 637 1708 futuri
669 1667 827 1721 passivi
859 1667 925 1708 vel
951 1667 1078 1708 medii
1104 1667 1206 1708 libri
1232 1668 1482 1722 plerumque
1509 1670 1690 1710 efferunt

161 1752 235 1792 per
275 1753 320 1793 ῃ,
360 1752 438 1792 ego
480 1752 645 1792 semper
683 1753 720 1779 ει
760 1738 975 1779 substitui.
1038 1739 1306 1780 temerariam
1345 1742 1387 1780 et
1425 1740 1470 1780 in
1509 1740 1689 1795 singulis

254 1916 448 1959 praeterea
473 1913 660 1948 rarissime
687 1913 966 1948 commemorati
993 1916 1079 1949 sunt
1102 1914 1142 1948 hi
1168 1914 1272 1950 libri:

181 1979 205 2014 cl
231 1997 274 2008 =
302 1979 381 2014 cod.
408 1978 568 2014 Florent.
591 1983 653 2023 31,
683 1983 743 2023 15,
778 1979 995 2014 chartaceus
1024 1990 1118 2015 saec.
1140 1980 1234 2015 XIV.
1263 1981 1430 2016 continet
1455 1983 1601 2026 praeter
1626 1993 1689 2016 sex

302 2038 564 2083 Aristophanis
596 2038 744 2073 fabulas
776 2038 965 2084 Euripidis
996 2039 1259 2084 Hippolytum,
1291 2041 1479 2085 Medeam,
1512 2041 1688 2085 Alcestin,

303 2097 612 2132 Andromacham.
663 2097 800 2132 librum
826 2097 988 2143 inspexit
1013 2099 1122 2143 Hugo
1149 2099 1282 2135 Hinck.

191 2176 208 2197 e
235 2179 278 2191 =
307 2162 386 2197 cod.
402 2162 564 2197 Florent.
582 2167 638 2207 31,
655 2166 710 2206 10,
731 2163 949 2198 chartaceus
971 2175 1064 2199 saec.
1081 2164 1176 2198 XIV.
1191 2164 1318 2199 insunt
1334 2167 1483 2210 praeter
1497 2165 1688 2210 Sophoclis

302 2221 516 2266 tragoedias
550 2221 738 2267 Euripidis
765 2222 936 2267 Hecuba,
971 2222 1135 2267 Orestes,
1169 2223 1319 2268 Medea,
1351 2224 1593 2268 Phoenissae,
1626 2225 1688 2258 Al—

304 2280 430 2325 cestis,
462 2281 740 2326 Andromacha,
767 2281 1009 2327 HippolytuS,
1036 2282 1190 2318 Rhesus.
1242 2283 1407 2318 codicem
1435 2295 1456 2318 a
1482 2284 1687 2329 Byzantino

302 2340 546 2384 grammatico
573 2342 778 2375 correctum
804 2340 968 2386 inspexit
993 2341 1101 2386 Hugo
1127 2342 1259 2377 Hinck.

184 2403 214 2439 C
237 2422 280 2434 =
307 2405 386 2439 cod.
419 2405 640 2440 Havniensis
671 2409 752 2450 417,
798 2405 1016 2440 chartaceus
1061 2417 1155 2441 saec.
1189 2407 1266 2441 XV.
1307 2407 1473 2442 continet
1505 2407 1686 2451 Medeam,

300 2463 510 2509 Hecubam,
544 2464 728 2509 Orestem,
761 2465 1000 2509 Phoenissas,
1034 2465 1296 2511 Hippolytum,
1326 2466 1513 2511 Alcestin,
1545 2467 1687 2500 Andro-

301 2523 488 2567 macham,
526 2523 711 2568 Troadas,
749 2525 923 2560 Rhesum.
982 2525 1148 2559 codicem
1187 2537 1230 2560 ex
1269 2526 1398 2560 eodem
1436 2526 1538 2560 fonte
1577 2537 1619 2559 ac
1651 2526 1686 2559 B

303 2581 520 2628 derivatum,
548 2583 612 2618 sed
639 2583 934 2618 contaminatum
961 2587 999 2619 et
1024 2584 1290 2629 interpolatum
1317 2585 1457 2620 contuli
1484 2585 1573 2629 ipse.

257 2651 354 2674 nunc
380 2642 540 2678 accedit:

183 2705 203 2739 Ιι
236 2723 272 2732 2
303 2704 382 2739 cod.
409 2715 517 2740 rescr.
543 2706 891 2752 Hiersolymstanus,
918 2708 986 2743 sub
1013 2708 1070 2744 fin.
1100 2719 1193 2744 saec.
1215 2709 1246 2742 X
1274 2708 1443 2754 scriptus,
1471 2708 1535 2753 qui
1560 2711 1685 2753 partes

304 2764 420 2798 Orest.
442 2764 551 2810 Hipp.
572 2765 668 2800 Med.
690 2766 826 2801 Phoen.
849 2767 936 2802 Ilec.
958 2767 1132 2802 Androm.
1161 2768 1312 2803 exhibet
1338 2770 1374 2802 ct
1394 2768 1558 2813 proxime
1580 2769 1686 2802 abest

303 2834 324 2857 a
350 2823 428 2858 cod.
457 2823 495 2858 B.
516 2824 776 2860 Memorabiles
803 2825 881 2860 eius
907 2825 1087 2861 lectiones
1112 2826 1320 2871 publicavit
1343 2828 1382 2861 A.
1405 2827 1685 2872 l’apadopulus-

303 2882 500 2916 Cer-amens
522 2881 739 2927 Ἰεροσολυμ.
769 2885 934 2930 Βιβλιοθ.
956 2885 972 2919 I
998 2897 1032 2929 p.
1058 2890 1252 2919 los-112.
