1929 3208
738 130 835 161 ΑΛΚ
844 129 985 161 ΗΣΊῚΣ
1594 129 1643 169 17

139 240 232 278 AA.
289 235 488 291 ’Ἀδμηθ’,
521 236 625 293 ὁρᾷς
658 238 740 290 γὰρ
773 237 884 289 τάμὰ
917 236 1144 290 πράγμαθ’
1177 236 1234 285 ὡς
1266 233 1367 290 ἔχει,
1578 246 1646 276 2⁸0

296 306 412 357 λέξαι
443 306 562 349 θέλω
596 319 665 349 σοι
698 308 804 361 πρὶν
835 312 996 349 θανεῖν
1028 307 1054 348 ἃ
1087 307 1314 360 βούλομαι.

294 377 378 431 ἐγὼ
412 389 459 420 σε
492 379 798 432 πρεσβεύουσα
830 378 955 420 κάντὶ
988 384 1062 432 τῆς
1094 377 1197 431 ἐμῆς

297 456 435 503 ψυχῆς
466 452 770 503 καταστήσασα
804 457 897 502 φῶς
929 449 1021 491 τόδ’
1055 450 1249 503 εἰσορᾶν,

297 520 476 577 θνῄσκω
509 522 652 574 παρόν
684 537 757 572 μοι
788 522 845 574 μὴ
882 526 1037 561 θανεῖν
1068 520 1181 573 ὑπὲρ
1213 519 1363 572 σέθεν,

295 591 389 632 ἀλλ’
423 592 564 646 ἄνδρα
596 607 640 632 τε
674 598 796 646 σχεῖν
831 594 1068 632 Θεσσαλῶν
1102 589 1154 632 ὃν
1186 592 1353 644 ἤθελον
1578 599 1646 631 285

296 662 366 703 καὶ
400 662 522 715 δῶμα
554 664 696 703 ναίειν
729 663 884 715 ὄλβιον
915 662 1160 715 τυραννίδι.

295 734 375 774 οὐκ
407 731 605 787 ἠθέλησα
637 735 714 787 ζῆν
747 732 1085 774 ἀποσπασθεῐσά
1117 744 1199 773 σου

295 806 379 844 σὺν
410 804 564 845 παισὶν
595 803 876 858 ὀρφανοῑσιν,
908 803 1005 844 οὐδ’
1038 802 1280 856 ἐφεισάμην

295 875 403 928 ἥβης
435 872 595 928 ἔχουσα
627 874 733 927 δῶρ’
766 873 813 916 ἐν
847 868 912 923 οἷς
943 872 1198 927 ἐτερπόμην.

295 947 436 987 καίτοι
468 945 509 986 6⁷
541 945 563 986 ὁ
597 946 741 999 φύσας
774 946 826 999 χὴ
859 951 1046 986 τεκοῦσα
1077 944 1350 999 προύδοσαν,
1579 954 1648 985 290

295 1020 436 1065 καλῶς
467 1017 547 1068 μὲν
580 1016 730 1065 αὐτοῖς
762 1020 1004 1058 κατθανεῖν
1035 1013 1145 1070 ἧκον
1177 1017 1294 1068 βίου,

295 1091 435 1136 καλῶς
467 1087 515 1129 δὲ
548 1093 687 1128 σῶσαι
718 1087 853 1129 παῖδα
886 1086 1099 1136 κεύκλεῶς
1131 1091 1302 1128 θανεῖν.

293 1160 429 1211 μόνος
459 1159 543 1212 γὰρ
577 1159 725 1207 αὐτοῖς
756 1156 877 1212 ἦσθα
909 1158 1056 1207 κοῦτις
1089 1157 1210 1206 ἐλπὶς
1242 1155 1297 1211 ἧν

296 1236 377 1271 σοῦ
411 1231 714 1279 κατθανόντος
746 1230 856 1271 ἄλλα
889 1230 1095 1283 φιτύσειν
1128 1229 1267 1271 τέκνα.

296 1301 414 1354 κάγώ
448 1301 484 1341 τ’
517 1300 572 1342 ἂν
603 1299 712 1350 ἔζων
744 1301 815 1342 καὶ
848 1303 903 1342 σὺ
935 1302 1013 1342 τὸν
1047 1302 1204 1342 λοιπὸν
1235 1302 1400 1354 χρόνον
1579 1309 1647 1340 295

297 1372 403 1413 κούκ
437 1371 491 1412 ἂν
523 1372 744 1424 μονωθεὶς
776 1378 854 1426 σῆς
886 1371 1106 1425 δάμαρτος
1137 1369 1311 1420 ἔστενες

296 1443 366 1483 καὶ
398 1442 558 1491 παῖδας
590 1442 856 1497 ὠρφάνευες.
920 1440 1030 1484 ἀλλὰ
1062 1449 1198 1484 ταῦτα
1229 1442 1309 1495 μὲν

296 1517 417 1554 θεῶν
449 1529 514 1562 τις
546 1512 778 1566 ἐξέπραξεν
809 1513 922 1555 ὥσθ’
955 1512 1093 1563 οὕτως
1126 1511 1253 1567 ἔχειν.

297 1580 402 1626 εἶεν’
435 1586 490 1625 σὺ
523 1590 608 1625 νῦν
640 1600 713 1636 μοι
745 1583 879 1626 τῶνδ’
911 1584 1160 1638 ἀπόμνησαι
1192 1584 1338 1638 χάριν·

296 1656 526 1708 αἰτήσομαι
558 1655 640 1708 γάρ
675 1655 714 1696 σ’
747 1654 874 1705 ἀξίαν
905 1655 986 1708 μὲν
1018 1655 1193 1708 οὔποτε,
1580 1664 1648 1695 300

298 1732 436 1780 ψυχῆς
467 1727 551 1779 γὰρ
585 1725 719 1768 οίδέν
751 1725 842 1767 ἐστι
874 1726 1143 1779 τιμιώτερον,

295 1797 441 1838 δίκαια
474 1796 529 1850 δ’,
562 1797 619 1846 ὡς
652 1799 808 1852 φήσεις
839 1798 912 1839 σύ·
945 1797 1105 1839 τούσδε
1138 1798 1228 1851 φὰρ
1262 1800 1406 1851 φιλεῖς

295 1865 374 1922 οὐχ
408 1865 546 1921 ἧσσον
577 1868 602 1922 ἢ
638 1869 713 1922 ’γὼ
746 1868 923 1922 παῖδας,
956 1868 1077 1923 εἴπερ
1111 1865 1159 1910 εὖ
1193 1875 1391 1922 φρονεῖς·

294 1939 478 1988 τούτους
510 1938 705 1994 ἀνάσχου
738 1940 949 1988 δεσπότας
982 1938 1099 1992 ἐμῶν
1130 1937 1280 1992 δόμων

294 2010 366 2051 καὶ
398 2011 454 2064 μὴ
488 2010 691 2068 ’πιγήμῃς
723 2011 871 2052 τοῖσδε
904 2012 1123 2064 μητρυιὰν
1155 2010 1345 2063 τέκνοις,
1580 2021 1647 2052 305

294 2081 388 2134 ἥτις
418 2082 582 2122 κακίων
615 2077 712 2123 οὗσ’
743 2080 850 2134 ἐμοῦ
883 2082 996 2135 γυνὴ
1030 2079 1191 2137 φθόνῳ

295 2158 386 2201 τοῖς
418 2158 536 2193 σοῖσι
568 2151 721 2205 κάμοῑς
752 2153 876 2194 παισὶ
907 2159 1030 2206 χεῖρα
1062 2155 1314 2207 προσβαλεῑ.

295 2224 352 2277 μὴ
384 2223 493 2278 δῆτα
526 2223 689 2281 δράσῃς
721 2223 855 2264 ταῦτά
889 2223 943 2277 γ’,
976 2224 1182 2276 αἰτοῦμαί
1212 2224 1252 2264 σ’
1285 2222 1380 2276 ἐγώ.

142 2355 209 2386 285
237 2353 429 2386 θεσσαλῶν
456 2364 478 2386 α
515 2352 699 2387 θεσσαλὸν
723 2364 743 2387 r
853 2355 919 2386 287
947 2351 1043 2388 κούκ
1070 2352 1248 2396 Lenting,
1275 2353 1314 2386 at
1339 2352 1476 2386 rectius
1503 2352 1646 2385 videtur

83 2403 245 2432 287-39
273 2398 396 2434 delere
422 2399 447 2432 I.
470 2398 631 2434 Heiland
706 2402 774 2434 288
802 2398 904 2443 οὖδἺ
932 2413 984 2443 γρ.
1012 2399 1090 2434 ἀλλ’
1120 2410 1299 2443 superscr.
1328 2399 1340 2433 l
1417 2402 1483 2433 289
1512 2399 1646 2444 ἔχουσα

83 2446 168 2489 δῶρ’
198 2447 249 2488 (Ρ
271 2448 390 2490 δῶρον
409 2447 457 2490 L)
484 2447 522 2481 ἐν
546 2445 601 2487 οἷς
628 2446 833 2492 ἐτερπόμην
855 2446 900 2491 S]
928 2447 1062 2492 ἔχουσα
1089 2446 1176 2490 δῶρ’
1206 2447 1245 2481 ἐν
1272 2445 1328 2487 οἷς
1354 2446 1558 2490 ἐτερπόμην
1579 2447 1646 2490 ἐγὼ

83 2495 164 2538 (ἐγώ
203 2493 326 2528 nescio
364 2505 438 2538 qua,
474 2504 588 2528 manu
626 2493 803 2537 deletum)
842 2494 878 2529 B
928 2493 1048 2540 ἔχουσ’
1089 2496 1128 2529 ἐν
1167 2491 1221 2534 οἷς
1265 2494 1468 2539 ἐτερπόμην
1512 2493 1579 2537 ἐγώ
1625 2505 1645 2527 α

131 2544 197 2574 294
226 2541 395 2584 φιτύσειν
420 2541 457 2575 Β
494 2543 532 2575 ei:
555 2542 596 2575 a¹
622 2541 662 2575 in
687 2544 821 2586 marg]
857 2542 1052 2586 φυτεύσειν
1077 2554 1096 2576 r
1170 2545 1237 2575 295
1276 2542 1364 2583 ἔζων
1390 2542 1442 2584 Β]
1482 2540 1565 2583 ἕζην
1605 2544 1645 2582 (ω

83 2600 161 2632 sup.
191 2601 211 2631 η
247 2598 344 2622 man.
373 2591 406 2631 1)
432 2589 467 2623 L
505 2589 588 2632 ἔζην
614 2601 631 2623 r
665 2600 748 2623 cum
786 2589 908 2633 Etym.
936 2602 983 2623 m.
1009 2601 1045 2633 p.
1072 2592 1154 2631 413,
1181 2594 1201 2623 9
1241 2590 1289 2631 (L
1329 2589 1367 2622 in
1406 2599 1521 2632 marg.
1561 2592 1645 2632 ζῆμι

83 2637 174 2679 ἔζην.
214 2634 286 2676 ζάω
325 2638 371 2677 ζῶ
409 2635 512 2679 ἔζων)
633 2639 701 2671 298
728 2634 923 2680 ἐξέπραξεν
951 2637 996 2680 S]
1035 2635 1190 2679 ἔπραξεν
1229 2637 1279 2678 (ἐξ
1306 2647 1383 2680 sup.
1412 2636 1455 2670 ἔπ
1482 2635 1564 2668 add.
1593 2635 1645 2669 B¹

83 2682 224 2718 scholia
251 2682 428 2726 scribens)
455 2682 491 2717 B
529 2681 742 2728 εἰσέπραξεν
768 2696 792 2718 ιι
865 2687 933 2718 299
960 2690 1028 2718 νῦν
1055 2697 1117 2727 μοι
1137 2685 1188 2727 Β]
1215 2697 1277 2728 μοι
1302 2689 1370 2718 νῦν
1397 2695 1420 2716 α
1459 2682 1505 2726 δή
1530 2695 1592 2725 μοι
1612 2683 1645 2716 L

83 2730 116 2765 ‹3'
158 2731 245 2774 ἡμῖν
286 2730 321 2765 Ρ
439 2732 504 2764 301
546 2728 727 2766 Stobaeus
761 2731 796 2765 fl.
826 2734 904 2772 119,
932 2735 985 2766 10.
1038 2730 1152 2766 Orion
1178 2729 1316 2765 anthol.
1345 2729 1429 2763 VIII
1457 2733 1500 2763 23
1527 2741 1561 2773 p.
1590 2733 1644 2763 55.

84 2777 288 2812 Menander
323 2779 481 2812 monost.
509 2780 587 2811 552.
651 2777 722 2812 Cfr.
763 2778 913 2823 Gregor.
940 2778 1020 2812 Naz
1058 2778 1072 2812 1
1110 2790 1145 2822 p.
1169 2779 1261 2812 64A.
1326 2777 1513 2811 Heliodor.
1544 2776 1573 2809 V
1601 2780 1644 2810 25

131 2829 199 2859 304
227 2825 337 2869 ἐμῶν]
365 2830 438 2859 τῶν
459 2825 552 2868 ἐμῶν
574 2826 608 2860 S.
630 2825 712 2859 fort.
735 2824 880 2870 τρέφων
955 2829 1022 2860 308
1049 2827 1240 2869 αἰτοῦμαι]
1267 2826 1349 2858 fort.
1379 2825 1553 2868 ἄντομαι,
1582 2824 1644 2857 cfr.

87 2875 175 2906 1098
