1929 3208
240 128 295 164 ”S
870 130 1136 162 ΕΥΡΙΠΙΔΟΥ

421 238 586 288 Κύπριν
624 239 781 288 νομίζω
816 242 890 288 τῆς
922 235 1026 289 ἐμῆς
1059 238 1326 289 ναυκληρίας

416 307 628 358 σώτειραν
663 304 773 347 εἶναι.
806 312 927 347 θεῶν
959 322 1001 347 τε
1035 306 1315 358 κάνθρώπων
1347 310 1502 361 μόνην.

417 377 482 417 σοὶ
521 376 558 416 (δ’
598 380 687 418 ἔστι
721 375 800 430 μὲν
834 383 939 426 νοῦς
972 379 1144 426 λεπτός,
1179 376 1272 419 ἀλλ’
1313 378 1558 432 ἐπίφθονος

414 450 540 501 λόγος
575 450 786 496 διελθεῖν,
819 448 876 496 ὡς
900 447 1036 500 ’Ἐρως
1070 447 1107 489 ‹5’
1151 449 1364 502 ἠνάγκασε
1695 463 1762 491 530

418 521 556 568 τόξοις
590 519 802 572 ἀφύκτοις
834 519 999 573 τούμὸν
1032 519 1219 561 ἐκσῶσαι
1254 519 1394 574 δέμας.

412 586 507 630 ἀλλ’
547 590 627 631 οὐκ
661 590 850 644 ἀκριβῶς
883 591 989 631 αὐτὸ
1021 592 1218 644 θήσομαι
1253 593 1367 633 λίαν·

414 662 498 716 ὅπῃ
531 662 613 714 γὰρ
647 658 728 703 οὖν
762 662 955 715 ὤνησας.
989 662 1042 703 οὐ
1075 669 1216 711 κακῶς
1247 664 1344 716 ἔχει.

413 735 541 786 μείζω
575 749 621 786 γε
655 731 805 787 μέντοι
838 739 912 786 τῆς
945 731 1047 787 ἐμῆς
1080 735 1296 787 σωτηρίας

413 807 593 857 εἴληφας
626 803 650 857 ἣ
685 803 901 853 δέδωκας,
934 804 992 853 ὡς
1027 803 1109 857 ἐγὼ
1142 805 1310 858 φράσω.
1695 818 1762 847 535

411 883 586 927 πρῶτον
619 873 698 928 μὲν
725 873 896 917 Ἑλλάδ’
935 874 1032 917 ἀντὶ
1065 876 1293 929 βαρβάρου
1326 878 1491 930 χθονὸς

414 953 544 999 γαῖαν
576 953 792 996 κατοικεῖς
823 945 894 988 καὶ
928 949 1057 1000 δίκην
1091 947 1319 988 ἐπίστασαι

413 1018 567 1071 νόμοις
599 1033 641 1058 τε
675 1022 868 1071 χρῆσθαι
900 1019 957 1072 μὴ
990 1019 1098 1071 πρὸς
1133 1019 1282 1071 ι’σχύος
1314 1019 1459 1073 χάριν·

411 1089 569 1138 πάντες
603 1088 654 1130 δέ
684 1087 723 1130 σ’
762 1087 948 1144 ᾔσθοντ’
987 1086 1127 1131 οὖσαν
1150 1086 1358 1142 ’Έλληνες
1392 1090 1537 1144 σοφὴν

414 1158 484 1201 καὶ
519 1160 652 1210 δόξαν
686 1162 822 1215 εἷ’σχες·
857 1161 897 1201 εἰ
927 1158 974 1201 dle
1007 1167 1086 1214 γῆς
1117 1158 1181 1201 ἐπ’
1220 1160 1416 1214 ἐσχάτοις
1694 1172 1762 1204 540

413 1230 584 1283 ὄροισιν
617 1230 762 1286 ᾤκεις,
797 1231 877 1272 οὐκ
909 1230 964 1272 ἂν
996 1228 1052 1285 ἦν
1086 1233 1215 1285 λόγος
1247 1232 1391 1273 σε’θεν.

411 1306 476 1355 εἴη
510 1300 550 1343 δ’
588 1304 733 1356 ἔμοιγε
767 1304 872 1356 μήτε
905 1303 1072 1356 χρυσὸς
1104 1302 1151 1344 ἐν
1185 1304 1336 1356 δόμοις

411 1370 508 1427 μήτ’
543 1369 731 1428 Ὀρφέως
763 1374 945 1415 κάλλιον
978 1373 1169 1427 ὑμνῆσαι
1202 1373 1351 1428 μέλος,

410 1445 450 1485 εἰ
480 1445 537 1498 μὴ
566 1442 771 1497 ’πίσημος
801 1443 828 1498 ἡ
861 1445 968 1499 τύχη
1001 1443 1174 1498 γένοιτό
1207 1461 1291 1499 μοι.

409 1521 600 1556 τοσαῦτα
634 1514 713 1569 μέν
746 1526 816 1556 σοι
848 1522 937 1556 τῶν
970 1515 1087 1570 ἐμῶν
1118 1517 1269 1557 πόνων
1301 1515 1400 1571 πέρι
1692 1528 1760 1559 545

411 1582 540 1636 ἔλεξ’·
579 1587 768 1640 ἅμιλλαν
801 1587 884 1640 γὰρ
917 1588 973 1627 σὺ
1004 1587 1266 1641 προύθηκας
1298 1589 1454 1642 λόγων.

410 1657 432 1698 ὃ
467 1656 507 1698 δ’
544 1656 587 1707 ἐς
619 1658 786 1712 γάμους
817 1674 891 1712 μοι
924 1659 1181 1712 βασιλικοὺς
1214 1657 1467 1713 ὠνείδισας,

409 1728 456 1770 ἐν
489 1729 599 1785 τῷδε
634 1728 760 1779 δείξω
793 1736 942 1781 πρῶτα
974 1726 1054 1783 μὲν
1087 1729 1226 1783 σοφὸς
1258 1730 1414 1783 γεγώς,

410 1802 555 1841 ἔπειτα
589 1801 796 1855 σώφρων,
830 1796 922 1841 εἶτα
956 1798 1025 1841 σοὶ
1058 1799 1190 1854 μέγας
1223 1803 1351 1854 φίλος

410 1869 483 1911 καὶ
516 1869 641 1912 παισὶ
673 1877 764 1920 τοῖς
796 1869 986 1923 ἐμοῖσιν·
1023 1867 1119 1913 ἀλλ’
1157 1866 1216 1925 ἔχ’
1253 1871 1426 1926 ἥσυχος.
1691 1884 1760 1914 550

411 1941 503 1984 ἐπεὶ
536 1941 746 1996 μετέστην
779 1939 900 1993 δεῦρ’
933 1939 1125 1992 Ἰωλκιάς
1156 1943 1322 1996 χθονὸς

409 2014 573 2063 πολλὰς
606 2011 803 2067 ἐφέλκων
836 2014 1068 2067 συμφορὰς
1100 2013 1371 2068 ἀμηχάνους,

409 2086 454 2125 τί
480 2082 603 2125 τοῦδ’
641 2083 695 2125 ἂν
727 2080 882 2138 εὕρημ’
919 2080 1060 2138 ηὗρον
1093 2085 1406 2141 εὐτυχέστερον

410 2155 434 2209 ἢ
466 2156 602 2197 παῖδα
633 2160 767 2209 γῆμαι
799 2153 1014 2207 βασιλέως
1046 2156 1190 2210 φυγὰς
1221 2157 1378 2210 γεγώς;

410 2225 508 2279 οὐχ,
542 2220 567 2281 ᾗ
601 2228 657 2268 σὺ
688 2227 830 2281 κνίζῃ,
864 2225 944 2267 σὸν
977 2224 1058 2280 μὲν
1090 2226 1313 2281 ἐχθαίρων
1344 2226 1489 2282 λέχος,
1688 2238 1757 2269 555

326 2376 391 2406 527
410 2385 461 2417 sq.
489 2371 715 2417 ναυκληρίας
740 2373 932 2419 σώτειραν]
960 2371 1140 2418 σωτηρίας
1165 2373 1374 2418 ναύκληρον
1393 2373 1526 2408 Nauck
1625 2377 1694 2408 530
1720 2372 1751 2408 6'

231 2438 300 2461 om.
317 2427 358 2469 S,
385 2426 469 2461 add.
492 2427 534 2471 lp
557 2427 561 2472 1
584 2425 771 2471 ἠνάγκασε
786 2428 862 2461 ΒΕ
876 2427 933 2472 la]
961 2426 1171 2472 ἠνάγκασεν
1185 2426 1260 2461 ES
1343 2430 1408 2461 531
1436 2426 1556 2469 τόξοις
1577 2426 1758 2471 ἀφύκτοις

230 2480 343 2514 ΒΕα
370 2481 395 2523 (Ζ
420 2479 459 2513 in
485 2480 607 2526 mg.)]
634 2477 760 2514 πόνων
787 2479 963 2524 ἀφύκτων
984 2480 1071 2524 She,
1098 2480 1161 2514 cfr.
1188 2479 1297 2524 Hipp.
1322 2484 1411 2514 1422
1522 2484 1588 2514 532
1616 2480 1711 2515 αὐτὰ
1731 2481 1760 2516 S

278 2560 344 2591 533
373 2542 500 2602 ὄπίῆςΙι
522 2557 526 2602 1
550 2553 617 2591 οὖν
643 2567 711 2590 om.
728 2557 810 2591 ΕΡ
834 2556 917 2591 add.
934 2568 962 2601 p
988 2554 1055 2592 οὗν
1082 2555 1119 2600 μ’
1143 2557 1180 2590 F.
1197 2556 1263 2591 Gu.
1281 2556 1449 2591 Schmidt
1576 2561 1642 2591 537
1670 2555 1755 2604 δίκῃ

230 2609 261 2644 τ’
292 2610 457 2655 Elmsley
537 2613 605 2644 538
633 2609 762 2644 schol.:
789 2610 829 2644 τὸ
856 2609 988 2655 χάριν
1014 2609 1195 2655 γράφεται
1220 2609 1400 2656 θράσει]
1436 2609 1570 2654 κράτος
1595 2610 1755 2655 Blaydes

278 2667 345 2697 539
372 2659 528 2707 ἧσθοντ’
553 2663 589 2697 Β
615 2674 705 2697 corr,
728 2664 746 2697 b
869 2667 933 2696 541
961 2661 1092 2708 λόγως
1112 2663 1148 2697 Β
1257 2667 1324 2697 545
1351 2661 1417 2706 μέν
1444 2675 1499 2698 σοι
1521 2663 1566 2710 S]
1593 2661 1716 2707 μέντοι
1736 2676 1756 2698 r

279 2720 344 2750 547
375 2715 393 2751 ὃ
421 2715 567 2762 scripsi]
595 2715 618 2750 ἃ
644 2715 731 2750 libri
843 2719 910 2750 549
938 2714 1060 2760 φίλοις
1079 2717 1115 2750 Β
1142 2727 1232 2750 corr.
1254 2717 1273 2751 b
1372 2720 1439 2750 550
1466 2716 1607 2762 ἡσύχως
1626 2716 1711 2750 ΒΕ

232 2774 297 2803 551
326 2768 473 2814 μετέστη
500 2770 536 2803 Β
570 2784 590 2804 ν
618 2769 700 2804 add.
723 2771 742 2804 b
882 2773 948 2802 552
976 2767 1146 2813 ἀφέλκων
1167 2770 1207 2803 Ε
1343 2774 1409 2804 553
1437 2768 1534 2804 τοῦτ’
1567 2767 1694 2813 εὕρημ’
1719 2769 1754 2803 Β

232 2833 321 2856 corr.
350 2824 368 2856 b
397 2823 401 2866 1
431 2820 540 2865 εὗρον
565 2822 653 2857 libri
682 2825 685 2866 Ι
715 2822 956 2868 ἀτυχέστερον
976 2823 1012 2856 Β
1038 2834 1128 2857 corr.
1156 2824 1175 2857 b
1297 2827 1364 2857 554
1391 2822 1504 2868 γεγὼς
1529 2821 1651 2868 φυγάς
1671 2822 1706 2856 Β

233 2879 300 2909 555
335 2874 546 2920 ἐχθραίνων
572 2889 594 2911 α
