1929 3208
211 212 266 249 :38
842 212 1110 245 ETPHMAOT

389 318 496 372 ε’ρρ’,
530 316 664 359 οὐδὲν
697 319 825 368 εἰδὼς
857 315 919 360 ὧν
952 317 1202 373 ἐφηυρέθης
1235 320 1378 377 χρόνῳ

390 392 517 443 δίκην
551 390 761 439 δεδωκώς.
822 389 931 432 ὥστε
965 405 1029 439 τις
1061 392 1325 444 κακουργίας

388 464 444 514 μη
478 477 552 514 μοι
585 461 632 501 τὸ
665 467 841 514 πρῶτον
873 460 974 514 βῆμ’
1005 459 1081 502 ἐὰν
1114 461 1257 516 δράμῃ
1290 465 1444 513 καλῶς,

389 537 516 572 νικᾶν
548 533 729 573 δοκείτω
762 532 842 585 τὴν
875 533 1018 586 δίκην,
1050 530 1155 586 πρὶν
1187 531 1241 573 ἂν
1272 531 1402 587 πέρας
1668 545 1736 574 965

390 608 587 657 γραμμῆς
618 603 760 656 ἵκηται
793 601 864 643 καὶ
897 602 1019 652 τέλος
1051 603 1199 658 κάμψῃ
1231 605 1345 657 βίου.

244 677 327 714 XO.
391 674 544 726 ἔπραξε
579 673 716 722 δεινά,
751 673 875 715 δεινὰ
908 671 948 714 δ’
981 672 1197 715 ἀντέδωκε
1230 672 1300 715 σοὶ

390 743 456 785 καὶ
493 740 616 801 τῷδ’·
650 746 735 799 ἔχει
769 745 852 798 γὰρ
884 744 909 799 ἡ
938 747 1052 798 Δίκη
1085 744 1194 799 μέγα
1227 744 1402 795 σθένος.

244 818 326 856 ΟΡ.
391 811 497 856 εἶεν·
530 817 722 870 κομίζειν
754 817 883 858 τοῦδε
917 814 1027 870 σῶμ’
1057 817 1142 858 ἔσω
1175 816 1316 872 χρεὼν

391 889 530 944 σκότῳ
563 902 607 929 τε
641 888 815 937 δοῦναι,
849 888 1004 941 δμῶες,
1039 887 1110 938 ὡς,
1144 887 1250 929 ὅταν
1282 889 1394 943 μόλῃ
1669 899 1738 929 060

390 959 545 1011 μήτηρ,
579 963 750 1011 σφαγῆς
782 957 971 1011 πάροιθε
1004 957 1061 1011 μὴ
1095 958 1237 1012 εἰσίδῃ
1268 959 1435 1013 νεκρόν.

236 1031 329 1069 IIA.
392 1027 579 1082 ἐπίσχες·
612 1027 864 1082 ἐμβάλωμεν
897 1029 958 1077 εἰς
991 1028 1126 1070 ἄλλον
1159 1030 1305 1082 λόγον.

245 1103 327 1141 ΟΡ.
391 1101 434 1140 τί
464 1097 527 1147 δ’;
561 1099 606 1140 ἐκ
639 1100 869 1152 Μυκηνῶν
901 1106 995 1153 μῶν
1027 1100 1308 1154 βοηδρόμους
1339 1099 1446 1153 ὁρῶ;

234 1173 329 1212 IIA.
394 1170 488 1219 οὔκ,
522 1169 630 1211 ἀλλὰ
662 1170 743 1223 τὴν
776 1175 990 1211 τεκοῦσαν
1022 1170 1048 1223 ἤ
1081 1166 1126 1224 μ’
1158 1169 1367 1223 ἐγείνατο.

245 1245 328 1284 ΟΡ.
392 1240 462 1284 καὶ
496 1242 581 1296 μὴν
615 1242 733 1295 ὄχοις
764 1257 812 1294 γε
845 1240 916 1282 καὶ
949 1242 1082 1296 στολῇ
1116 1241 1426 1295 λαμπρύνεται.
1673 1253 1740 1283 966

235 1316 329 1354 HA.
392 1316 533 1362 καλῶς
565 1310 634 1366 ἄρ’
665 1312 806 1366 ἄρκυν
838 1311 881 1361 ἐς
912 1310 1050 1366 μέσην
1082 1312 1326 1365 πορεύεται.
1673 1323 1740 1355 965

245 1386 328 1425 ΟΡ.
391 1385 435 1423 τί
464 1383 572 1437 δῆτα
606 1384 778 1437 δρῶμεν
812 1380 984 1437 μητέρ’;
1019 1379 1044 1436 ἦ
1079 1383 1379 1437 φονεύσομεν;

232 1457 331 1495 HA.
393 1460 488 1507 μῶν
521 1451 561 1495 σ’
593 1450 736 1503 οἶκτος
769 1447 870 1507 εἷλε,
903 1454 1064 1508 μητρὸς
1097 1453 1154 1504 ὡς
1186 1450 1299 1504 εἶδες
1331 1451 1482 1508 δέμας;

246 1527 329 1566 OP.
393 1529 497 1578 φεῦ·

391 1603 482 1644 πῶς
513 1595 597 1649 γὰρ
629 1594 772 1636 κτάνω
805 1610 893 1645 νιν,
926 1595 952 1648 ἥ
984 1592 1027 1649 μ’
1061 1597 1223 1649 ἔθρεψε
1255 1596 1456 1646 κᾶτεκενς

233 1670 331 1708 ΗΛ.
394 1666 540 1720 ὥσπερ
573 1663 737 1720 πατέρα
770 1666 851 1707 σὸν
883 1666 961 1720 ἥδε
992 1665 1134 1720 κάμὸν
1168 1667 1337 1708 ὤλεσεν.
1673 1677 1742 1708 970

249 1741 332 1779 ΟΡ.
397 1734 430 1779 ὦ
467 1739 617 1790 Φοῖβε,
650 1739 819 1790 πολλήν
851 1734 891 1790 γ’
923 1736 1121 1792 ἀμαθίαν
1154 1735 1406 1792 ἐθέσπισας,

235 1812 335 1851 HA.
399 1809 510 1851 ὅπου
544 1806 586 1850 δ’
613 1806 838 1850 Ἀπόλλων
871 1809 1021 1858 σκαιὸς
1051 1802 1092 1863 ᾗ,
1125 1810 1242 1858 τίνες
1274 1810 1427 1862 σοφοι’;

247 1883 330 1922 ΟΡ.
394 1880 513 1929 ὅστις
544 1876 587 1934 μ’
619 1880 804 1934 ἔχρησας
836 1875 1002 1933 μητέρ’,
1035 1878 1090 1933 ἣν
1123 1878 1177 1920 οὐ
1209 1885 1333 1934 χρῆν,
1366 1885 1554 1921 κτανεῖν.

232 1952 331 1992 ΗΛ,
394 1950 562 2005 βλάπτῃ
596 1947 643 1991 δὲ
677 1950 731 2004 δὴ
763 1951 809 1991 τί
835 1948 965 2003 πατρὶ
997 1957 1203 2004 τιμωρῶν
1235 1949 1388 2001 σέθεν;

247 2024 329 2063 ΟΡ.
393 2022 688 2076 μητροκτόνος
719 2027 803 2063 νῦν
836 2020 1065 2076 φεύξομαι,
1097 2017 1199 2063 τόθ’
1229 2020 1362 2074 ἁγνὸς
1394 2021 1469 2063 ὥν.
1674 2031 1741 2062 975

234 2095 332 2133 HA.
394 2091 465 2133 καὶ
498 2094 555 2147 μή
587 2091 628 2146 γ’
660 2092 841 2147 ἀμύνων
871 2090 1002 2146 πατρὶ
1034 2093 1252 2147 δυσσεβὴς
1283 2093 1371 2148 ἔσῃ.

310 2266 377 2297 952
394 2274 446 2306 sq.
470 2258 684 2306 ἐφηυρέθης
711 2290 716 2295 .
741 2291 746 2296 ,
774 2261 958 2307 δεδωκώς]
981 2260 1058 2305 Fix,
1087 2258 1303 2305 ἐφευρεθεὶς
1324 2290 1329 2295 .
1354 2290 1359 2295 .
1389 2259 1553 2302 δέδωκας
1572 2262 1650 2297 LG'·

217 2319 284 2350 953
311 2314 399 2349 ὥστε
426 2328 480 2354 τις
505 2312 746 2360 κακουργίας]
772 2313 934 2359 Madvig,
962 2311 1033 2348 ὧδέ
1059 2327 1113 2354 τις
1139 2320 1344 2360 κακοῦργος
1370 2312 1421 2348 ὢν
1447 2315 1539 2358 LG,
1566 2314 1655 2349 ὥστε
1680 2320 1744 2359 τῆς

216 2366 432 2412 ἐπικουρίας
459 2367 558 2402 Stob.
587 2367 653 2401 ecl.
680 2367 695 2400 I
722 2372 754 2411 3,
782 2370 825 2401 18
948 2371 1014 2401 955
1042 2365 1194 2402 δοκείτω
1223 2367 1274 2410 G,
1307 2367 1371 2401 sed
1398 2379 1429 2401 ει
1456 2366 1494 2401 in
1519 2379 1590 2401 ras.
1617 2379 1682 2402 scr.
1709 2379 1742 2413 9.

216 2426 285 2456 955
301 2433 352 2465 sq.
380 2419 496 2464 πέρας
523 2450 528 2455 .
558 2449 563 2455 .
591 2419 712 2466 τέλος]
744 2418 857 2460 πέλας
884 2450 889 2455 .
919 2450 924 2454 .
958 2418 1058 2460 τέλος
1083 2421 1178 2464 LG,
1215 2419 1316 2460 τέλος
1344 2449 1350 2454 .
1379 2450 1384 2454 .
1418 2418 1518 2460 τέλος
1550 2420 1742 2464 Stobaeus,

215 2473 316 2514 τέλος
343 2503 349 2508 .
373 2503 378 2508 .
406 2472 521 2517 πέρας
542 2473 654 2508 Orion
675 2473 786 2507 Anth.
811 2477 853 2507 15
879 2485 913 2518 p.
942 2477 985 2507 57
1061 2477 1127 2508 957
1155 2473 1324 2508 Electrae
1351 2475 1439 2508 nota
1464 2474 1630 2518 praefixa
1655 2473 1694 2508 in
1710 2474 1744 2508 G

313 2530 381 2561 960
407 2528 461 2573 τε]
486 2526 635 2569 Reiske,
662 2539 700 2571 γε
727 2526 806 2561 LG
921 2530 987 2560 961
1016 2526 1062 2571 μὴ
1090 2525 1229 2574 εἰσίδῃ]
1256 2527 1412 2569 Barnes,
1449 2526 1485 2570 μ’
1517 2525 1633 2571 εἰσίδῃ
1654 2526 1742 2562 LG.

217 2581 259 2614 In
284 2580 317 2614 L
345 2579 457 2615 schol.
486 2579 533 2624 μὴ
559 2579 630 2623 πρὸ
656 2585 721 2613 τοῦ
748 2584 936 2624 σφαγῆναι
970 2578 1085 2625 εἰσίδῃ
1119 2579 1184 2614 τὸν
1219 2585 1283 2614 τοῦ
1310 2577 1490 2624 Αἰγίσθου
1517 2578 1649 2623 νεκρόν

219 2637 381 2667 964-85
408 2633 569 2667 lineolae
594 2643 660 2678 pro
686 2631 784 2666 notis
804 2633 843 2665 in
858 2632 945 2674 LG,
972 2632 1045 2666 nisi
1070 2633 1169 2677 quod
1191 2636 1258 2667 980
1274 2644 1327 2676 sq.
1355 2634 1392 2667 et
1413 2636 1479 2667 985
1502 2633 1637 2668 desunt
1656 2633 1695 2667 in
1710 2633 1743 2667 L

217 2689 285 2720 964
313 2684 336 2730 ἤ
362 2684 394 2720 σ’
427 2683 592 2731 ἐγείνατο
620 2685 776 2730 Camper
858 2689 925 2719 965
952 2685 1071 2730 ἄρκηυ
1099 2686 1132 2720 G
1194 2690 1273 2729 965,
1301 2689 1368 2720 966
1395 2686 1625 2731 transposuit
1649 2687 1744 2731 (per-

218 2738 317 2773 sonis
342 2738 512 2783 mutatis)
539 2738 628 2773 olim
654 2738 848 2772 Kirchhoff
917 2742 984 2772 966
1011 2739 1065 2785 γε]
1093 2738 1277 2782 Schaefer,
1306 2751 1342 2773 τε
1369 2739 1447 2774 LG
1521 2742 1588 2773 967
1615 2736 1738 2783 μητέρ’

220 2792 270 2835 G,
306 2791 345 2826 in
370 2803 440 2826 ras.
469 2803 535 2827 scr.
564 2793 591 2836 l,
625 2792 707 2826 fort.
736 2792 895 2835 δρῶμεν,
934 2787 954 2835 ἦ
982 2790 1102 2835 φόνον
1135 2791 1380 2836 φονεύσομεν;
1488 2795 1555 2825 969
1582 2790 1670 2833 ἔθρε
1698 2791 1742 2834 G,

218 2844 356 2889 ἔθρεψε
381 2857 404 2890 y
426 2848 430 2890 Ι
453 2846 515 2880 καὶ
542 2844 662 2880 ἔτεκεν
687 2845 734 2888 L,
759 2844 912 2879 κᾶτεκεν
937 2845 991 2878 lG
1095 2848 1163 2878 970
1189 2845 1236 2884 ὡς
1261 2843 1402 2888 πατέρα
1427 2843 1493 2879 τὸν
1519 2843 1584 2878 σὸν
1610 2843 1742 2877 Nauck

313 2902 379 2932 975
419 2898 621 2944 φεύξομαι]
657 2897 770 2932 schol.
797 2897 1150 2943 κατηγορηθήσομαι
1174 2897 1215 2931 in
1239 2898 1274 2932 L
1297 2899 1301 2941 Ι
1332 2895 1411 2931 τόδ’
1447 2897 1479 2931 G
1577 2899 1643 2930 976
1671 2895 1742 2939 μήν

218 2950 306 2994 LG,
334 2950 381 2995 μή
408 2952 420 2985 l
