1929 3208
254 111 307 150 34
882 110 1006 142 ΕΊῚἾΙ
1016 109 1148 142 ΙῘΔΟΤ

285 222 316 259 ,Α
331 222 358 259 Ι.
430 220 473 259 τί
501 225 640 272 χρῆμα
675 218 857 269 δράσαςς
891 217 1023 272 φράζε
1057 232 1129 271 μοι
1163 213 1445 270 σαφέστερον.

260 292 360 330 ΜΗ.
431 287 602 342 γυναῖκ’
639 286 707 342 ἐφ’
745 288 850 342 ἡμῖν
884 289 1090 329 δεσπότιν
1124 287 1274 340 δόμων
1306 287 1403 340 ἔχει.

291 363 362 401 AI.
432 360 485 401 οὕ
517 375 603 400 που
636 355 859 413 τετόλμηκ’
897 360 1028 412 ἔργον
1061 361 1287 411 αἴσχιστον
1318 357 1438 407 τόδε;
1709 368 1776 397 (395

259 434 361 472 ΜΗ.
430 426 533 483 σάφ’
571 425 683 471 soff·
717 430 862 483 ἄτιμοι
895 427 935 469 δ’
972 426 1101 483 ἐσμὲν
1134 429 1180 469 oc
1207 428 1291 482 πρὸ
1324 433 1403 469 τοῦ
1435 429 1570 482 φίλοι.

291 505 360 542 μΙΙ.
431 503 617 554 πότερον
650 499 854 554 ἐρασθεὶς
887 499 912 554 ἢ
946 500 1026 541 σὸν
1060 499 1282 555 ἐχθαίρων
1315 497 1456 553 λε’χος;

259 576 362 613 ΜΗ.
432 572 568 626 μέγαν
604 568 641 625 γ’
679 573 835 625 ἔρωτα·
869 572 1020 621 πιστὸς
1053 570 1133 612 οὐκ
1165 572 1251 624 ἔφυ
1282 572 1429 625 φίλοις

287 647 361 684 Al.
432 648 507 684 Ιτω
540 659 638 695 νυν,
671 647 805 696 εἰπερ,
838 643 896 692 ὡς
928 641 1079 696 λέγεις,
1113 640 1232 683 ἐστὶν
1264 643 1405 691 κακός.

259 717 360 755 Mil.
430 714 608 767 ἀνδρῶν
641 714 872 767 τυράννων
905 715 1037 768 κῆδος
1068 713 1243 767 ἠράσθη
1278 715 1441 766 λαβεῖν.
1711 722 1778 753 700

288 789 360 827 ΑΙ.
432 787 587 827 δίδωσι
623 784 659 826 δ’
699 786 816 842 αὐτῷ
849 787 931 836 τι’ς;
963 783 1145 840 πέραινέ
1173 800 1247 839 μοι
1280 785 1426 837 λόγον.

254 860 362 899 Mll.
439 857 605 909 Κρέων,
638 856 685 906 ὃς
717 858 839 911 ἄρχει
871 858 1001 911 τῆσδε
1034 863 1113 910 γῆς
1148 856 1404 910 Κορινθίας.

285 931 362 969 AI.
431 929 690 982 συγγνωστὰ
723 926 803 982 μὲν
835 929 917 982 γὰρ
950 925 1005 981 ἦν
1038 939 1084 969 σε
1119 931 1374 979 λυπεῖσθαι,
1407 927 1550 979 γύναι.

259 1002 362 1040 Mll.
431 1000 592 1040 ὄλωλα·
625 997 693 1040 καὶ
729 1001 838 1053 πρός
870 995 909 1052 γ’
947 998 1232 1053 ἐξελαύνομαι
1264 999 1437 1053 χθονός.

285 1073 360 1111 AI.
429 1071 538 1123 πρὸς
569 1076 667 1120 τοῦς
701 1068 793 1112 τόδ’
831 1071 936 1111 ἄλλο
969 1071 1124 1111 καινὸν
1157 1065 1213 1110 αὖ
1246 1068 1384 1122 λέγεις
1414 1068 1560 1109 κακόν.
1711 1077 1777 1108 705

254 1144 362 1183 Mn.
433 1141 588 1194 Κρέων
620 1140 661 1195 μ’
702 1141 875 1183 ἐλαύνει
908 1141 1086 1195 φυγάδα
1118 1147 1197 1194 γῆς
1228 1140 1488 1194 Κορινθίας.

286 1215 361 1253 ΑΙ.
432 1212 479 1268 ἐᾷ
515 1208 554 1253 δ’
586 1210 761 1261 Ἰάσων;
796 1209 899 1254 οὐδὲ
931 1210 1049 1253 ταῦτ’
1088 1211 1288 1267 ἐπῄνεσα.

256 1286 361 1324 MH.
431 1285 546 1339 λόγῳ
580 1281 659 1337 μὲν
693 1283 813 1337 οὐχί,
845 1290 1072 1338 καρτερεῖν
1105 1281 1153 1323 δὲ
1185 1283 1401 1336 βούλεται.

431 1350 524 1395 ἀλλ’
562 1355 752 1408 ἄντομαί
780 1365 827 1395 σε
859 1355 992 1407 τῆσδε
1024 1354 1133 1407 πρὸς
1164 1353 1390 1407 γενειάδος

431 1425 632 1478 γονάτων
663 1441 707 1467 τε
740 1432 828 1466 τῶν
862 1432 952 1466 σῶν
986 1425 1124 1466 ἱκεσία
1155 1439 1200 1466 τε
1231 1425 1458 1478 γίγνομαι,
1712 1433 1779 1463 710

433 1500 651 1549 οῖ’κτειρον
684 1497 902 1550 οἴκτειρόν
934 1511 986 1550 με
1018 1495 1098 1549 τὴν
1131 1495 1406 1549 δυσδαίμονα

432 1566 502 1609 καὶ
535 1569 592 1621 μή
625 1565 668 1620 μ’
705 1569 869 1621 ἔρημον
902 1566 1174 1608 ἐκπεσοῦσαν
1206 1567 1394 1621 εἰσίδῃς,

434 1637 552 1689 δέξαι
587 1636 634 1680 δὲ
667 1639 787 1694 χώρα
819 1636 890 1679 καὶ
924 1639 1074 1692 δόμων
1107 1636 1321 1692 ἐφέστιον.

434 1709 592 1762 [οὕτως
625 1711 734 1762 ἔρως
765 1720 836 1751 σοι
867 1709 977 1763 πρὸς
1008 1712 1130 1750 θεῶν
1161 1709 1428 1762 τελεσφόρος

432 1779 603 1833 γένοιτο
636 1780 822 1834 παίδων,
854 1779 1012 1829 καύτὸς
1044 1780 1192 1833 ὄλβιος
1222 1778 1412 1833 θάνοις]
1711 1789 1778 1820 715

433 1852 601 1906 εὕρημα
635 1850 674 1892 δ’
713 1851 793 1893 οὐκ
825 1848 943 1893 οἷσθ’
982 1844 1079 1892 οἷον
1111 1850 1304 1906 ηὕρηκας
1335 1850 1454 1892 τόδε·

431 1922 584 1964 παύσω
619 1922 670 1964 δέ
699 1919 739 1964 σ’
776 1920 865 1964 ὄντ’
903 1922 1067 1964 ἄπαιδα
1098 1920 1171 1963 καὶ
1201 1921 1373 1963 παίδων
1404 1921 1537 1975 γονὰς

432 1996 609 2049 σπεῖραί
637 2005 685 2036 σε
715 1996 861 2048 θήσω·
893 1991 1030 2036 τοιάδ’
1070 1990 1168 2035 οἶδα
1201 1992 1419 2048 φάρμακα.

351 2196 418 2226 693
457 2192 587 2228 schoL:
633 2191 869 2238 σεσημείωται
908 2192 926 2227 ὁ
966 2190 1102 2238 στίχος,
1147 2190 1201 2226 ὅτι
1240 2192 1303 2226 καὶ
1341 2191 1381 2227 ἐν
1420 2191 1594 2227 Πελιάσιν
1633 2189 1729 2227 ἐστίν

257 2249 323 2279 695
358 2244 400 2279 οὔ
439 2258 512 2279 που
538 2246 757 2293 Witzschel]
810 2242 830 2290 ἧ
869 2244 905 2289 (ἤ
932 2246 987 2291 Ε)
1034 2258 1107 2280 που
1144 2244 1232 2279 libri
1383 2248 1449 2278 696
1482 2243 1568 2289 σάφ’
1609 2242 1710 2279 οἶσθ’
1740 2244 1780 2279 Ε

259 2312 261 2356 2
287 2301 424 2354 πρῖῗτοῦ
451 2312 487 2345 R
525 2317 662 2355 προτοῦ
690 2311 770 2346 EL
900 2313 978 2345 698.
1012 2314 1056 2343 99
1089 2309 1251 2354 suspecti
1378 2313 1446 2344 698
1477 2309 1604 2349 πιστὸς
1635 2307 1671 2343 δ’
1695 2309 1732 2343 Β

257 2368 323 2398 699
352 2378 420 2399 νυν
440 2365 490 2410 L]
530 2370 597 2399 νῦν
617 2377 636 2399 ·)·
664 2368 668 2408 1
698 2364 772 2399 ἐστὶ
792 2364 876 2398 ΒΕ
1001 2366 1069 2397 703
1096 2361 1162 2407 μὲν
1187 2362 1256 2408 γὰρ
1277 2363 1305 2397 S
1340 2361 1409 2408 γὰρ
1429 2375 1449 2397 r
1486 2362 1551 2407 μέν
1575 2361 1659 2406 τᾶρ’
1687 2362 1778 2396 Her-

255 2428 367 2450 mann
415 2416 519 2460 κάρτ’
557 2416 615 2461 ἄρ’
652 2416 854 2460 Kirchhoff,
892 2416 976 2450 fort.
1005 2415 1216 2460 συγγνωστά
1247 2415 1341 2459 τᾶρα
1374 2414 1407 2449 σ’
1442 2411 1488 2459 ἦν
1519 2415 1775 2462 λελυπῆσθαιί

256 2470 470 2516 λυπεῖσθαι]
497 2471 725 2514 λελυπῆσθαι
745 2470 784 2503 Ε
860 2472 926 2503 705
954 2466 1000 2503 αὗ
1026 2468 1154 2514 λέγεις]
1182 2466 1364 2514 ἀγγέλλεις
1383 2469 1423 2503 Ε
1458 2469 1621 2514 ἀγγελεῖς
1646 2467 1776 2503 Christ.

255 2525 331 2568 pat.
362 2526 427 2557 138
528 2526 593 2556 706
620 2527 686 2567 γῆς
709 2520 919 2565 Κορινθίας
944 2521 1106 2567 glossam
1132 2532 1175 2556 ex
1203 2525 1268 2556 702
1296 2521 1453 2566 petitam
1478 2523 1589 2567 putat
1607 2521 1780 2566 Hartung

258 2574 373 2620 [τῆσδ’
405 2575 469 2617 ἔξω
496 2573 636 2620 χθονός
661 2574 813 2619 Alch'na)
939 2578 1005 2609 708
1033 2573 1109 2618 μὲν,
1136 2575 1234 2620 οὐχὶ,
1267 2581 1457 2619 καρτερεῖν
1477 2576 1512 2610 L
1535 2577 1538 2620 Ι
1561 2589 1615 2621 γρ.
1642 2573 1778 2624 καρδίᾳ

257 2628 296 2662 δὲ
324 2629 492 2674 βούλεται
513 2629 553 2663 αι
579 2628 617 2662 in
643 2640 734 2673 mrg.
757 2629 791 2662 bs
874 2631 942 2661 710
967 2634 1039 2662 τῶν
1065 2639 1134 2662 om.
1156 2628 1290 2672 BaP1
1312 2641 1349 2663 τε
1377 2630 1473 2673 (poss,
1497 2627 1628 2673 ἱκεσία)
1655 2639 1724 2663 om.
1745 2628 1782 2662 P

257 2692 348 2715 eras.
375 2681 414 2714 in
434 2694 457 2716 α
538 2685 603 2715 712
631 2680 753 2728 ἐσίδῃς
772 2681 839 2715 αΡ
909 2685 975 2714 713
1003 2678 1126 2724 δόμων
1152 2680 1296 2727 scripsi]
1323 2680 1451 2726 δόμοις
1474 2681 1563 2716 libri
1654 2685 1720 2715 714
1741 2682 1779 2715 et

260 2738 325 2767 715
354 2734 491 2769 delevit
516 2735 555 2769 L.
577 2733 744 2778 Dindorf⁷
777 2733 839 2768 cfr.
863 2733 994 2768 Christ.
1020 2735 1094 2778 pat.
1118 2737 1185 2768 778
1269 2737 1336 2768 714
1363 2735 1420 2769 σοὶ
1445 2733 1532 2768 libri
1611 2736 1678 2768 715
1703 2732 1778 2767 θά-

257 2799 336 2826 νοις
356 2787 383 2821 ›S‘
407 2788 456 2831 (P
479 2787 613 2827 θάνεις
632 2787 665 2821 L
692 2800 727 2821 οι
753 2798 830 2831 sup.
855 2799 886 2820 «⁴31v
913 2798 979 2820 scr.
1002 2787 1082 2832 L¹)]
1107 2786 1232 2832 θάνῃς
1251 2799 1270 2822 Ιν
1344 2791 1410 2822 716
1438 2784 1519 2822 οἷον
1537 2786 1572 2820 L
1595 2787 1598 2830 Ι
1622 2784 1779 2831 εὕρηκας

257 2838 343 2872 libri
443 2844 507 2874 717
535 2840 663 2875 παύσω
690 2838 722 2874 σ’
753 2839 908 2874 ἄτεκνον
935 2839 1024 2874 ὄντα
1050 2839 1190 2885 Kuiper
