<?xml version="1.0" encoding="UTF-8"?>
<!DOCTYPE html PUBLIC "-//W3C//DTD XHTML 1.0 Transitional//EN"
    "http://www.w3.org/TR/xhtml1/DTD/xhtml1-transitional.dtd">
<html xmlns="http://www.w3.org/1999/xhtml" xml:lang="en" lang="en">
 <head>
  <title>
</title>
<meta http-equiv="Content-Type" content="text/html;charset=utf-8" />
  <meta name='ocr-system' content='tesseract 3.04.00' />
  <meta name='ocr-capabilities' content='ocr_page ocr_carea ocr_par ocr_line ocrx_word'/>
</head>
<body>
  <div class='ocr_page' id='page_1' title='image "./euripidisfabula01euriuoft_0343.png"; bbox 0 0 1929 3208; ppageno 0'>
   <div class='ocr_carea' id='block_1_1' title="bbox 818 158 1620 198">
    <p class='ocr_par' dir='ltr' id='par_1_1' title="bbox 818 158 1620 198">
     <span class='ocr_line' id='line_1_1' title="bbox 818 158 1620 198; baseline 0.004 -3"><span class='ocrx_word' id='word_1_1' title='bbox 818 162 903 195; x_wconf 80' lang='grc' dir='ltr'><strong><em>ΙΩΝ</em></strong></span> <span class='ocrx_word' id='word_1_2' title='bbox 1568 158 1620 198; x_wconf 76' lang='lat'><strong><em>‘27</em></strong></span> 
     </span>
    </p>
   </div>
   <div class='ocr_carea' id='block_1_2' title="bbox 99 267 1631 2316">
    <p class='ocr_par' dir='ltr' id='par_1_2' title="bbox 99 267 1631 2316">
     <span class='ocr_line' id='line_1_2' title="bbox 99 267 1254 325; baseline -0.003 -13"><span class='ocrx_word' id='word_1_3' title='bbox 99 270 227 318; x_wconf 79' lang='grc' dir='ltr'><em>ΞΟΤ.</em></span> <span class='ocrx_word' id='word_1_4' title='bbox 314 267 347 312; x_wconf 85' lang='grc' dir='ltr'><em>ὦ</em></span> <span class='ocrx_word' id='word_1_5' title='bbox 380 269 548 319; x_wconf 77' lang='grc' dir='ltr'><strong><em>τέκνον,</em></strong></span> <span class='ocrx_word' id='word_1_6' title='bbox 583 269 626 320; x_wconf 83' lang='grc' dir='ltr'><strong><em>ἐς</em></strong></span> <span class='ocrx_word' id='word_1_7' title='bbox 657 267 737 325; x_wconf 74' lang='grc' dir='ltr'><strong><em>μὲν</em></strong></span> <span class='ocrx_word' id='word_1_8' title='bbox 770 269 853 323; x_wconf 88' lang='grc' dir='ltr'><strong><em>σὴν</em></strong></span> <span class='ocrx_word' id='word_1_9' title='bbox 885 269 1118 323; x_wconf 80' lang='grc' dir='ltr'><em>ἀνεύρεσιν</em></span> <span class='ocrx_word' id='word_1_10' title='bbox 1149 269 1254 317; x_wconf 88' lang='grc' dir='ltr'><strong><em>θεὸς</em></strong></span> 
     </span>
     <span class='ocr_line' id='line_1_3' title="bbox 313 338 1625 395; baseline -0.003 -12"><span class='ocrx_word' id='word_1_11' title='bbox 313 342 462 395; x_wconf 87' lang='grc' dir='ltr'><strong><em>ὀρθῶς</em></strong></span> <span class='ocrx_word' id='word_1_12' title='bbox 494 343 662 395; x_wconf 82' lang='grc' dir='ltr'><strong><em>ἔκρανε,</em></strong></span> <span class='ocrx_word' id='word_1_13' title='bbox 694 340 767 383; x_wconf 85' lang='grc' dir='ltr'><strong><em>καὶ</em></strong></span> <span class='ocrx_word' id='word_1_14' title='bbox 799 339 960 395; x_wconf 79' lang='grc' dir='ltr'><strong><em>συνῆψ’</em></strong></span> <span class='ocrx_word' id='word_1_15' title='bbox 998 340 1098 394; x_wconf 85' lang='grc' dir='ltr'><strong><em>ἐμοί</em></strong></span> <span class='ocrx_word' id='word_1_16' title='bbox 1124 355 1168 381; x_wconf 88' lang='grc' dir='ltr'><strong><em>τε</em></strong></span> <span class='ocrx_word' id='word_1_17' title='bbox 1202 338 1264 392; x_wconf 90' lang='grc' dir='ltr'><strong><em>σέ,</em></strong></span> <span class='ocrx_word' id='word_1_18' title='bbox 1558 349 1625 380; x_wconf 83' lang='grc'><strong><em>570</em></strong></span> 
     </span>
     <span class='ocr_line' id='line_1_4' title="bbox 311 409 1446 467; baseline -0.003 -13"><span class='ocrx_word' id='word_1_19' title='bbox 311 413 366 454; x_wconf 89' lang='grc' dir='ltr'><strong><em>σύ</em></strong></span> <span class='ocrx_word' id='word_1_20' title='bbox 398 410 433 454; x_wconf 86' lang='grc' dir='ltr'><strong><em>τ’</em></strong></span> <span class='ocrx_word' id='word_1_21' title='bbox 472 409 528 454; x_wconf 84' lang='grc' dir='ltr'><strong><em>αὖ</em></strong></span> <span class='ocrx_word' id='word_1_22' title='bbox 559 413 611 454; x_wconf 86' lang='grc' dir='ltr'><strong><em>τὰ</em></strong></span> <span class='ocrx_word' id='word_1_23' title='bbox 643 410 824 467; x_wconf 77' lang='grc' dir='ltr'><strong><em>φίλταθ’</em></strong></span> <span class='ocrx_word' id='word_1_24' title='bbox 861 409 993 467; x_wconf 82' lang='grc' dir='ltr'><strong><em>ηὗρες</em></strong></span> <span class='ocrx_word' id='word_1_25' title='bbox 1025 411 1106 453; x_wconf 85' lang='grc' dir='ltr'><strong><em>οὐκ</em></strong></span> <span class='ocrx_word' id='word_1_26' title='bbox 1139 411 1264 460; x_wconf 83' lang='grc' dir='ltr'><strong><em>εἰδὼς</em></strong></span> <span class='ocrx_word' id='word_1_27' title='bbox 1295 410 1446 465; x_wconf 77' lang='grc' dir='ltr'><strong><em>πάρος.</em></strong></span> 
     </span>
     <span class='ocr_line' id='line_1_5' title="bbox 312 478 1341 539; baseline -0.003 -13"><span class='ocrx_word' id='word_1_28' title='bbox 312 483 334 526; x_wconf 89' lang='grc' dir='ltr'>ὃ</span> <span class='ocrx_word' id='word_1_29' title='bbox 369 480 408 526; x_wconf 91' lang='grc' dir='ltr'><strong><em>δ’</em></strong></span> <span class='ocrx_word' id='word_1_30' title='bbox 443 478 548 539; x_wconf 72' lang='grc' dir='ltr'><strong><em>ᾖξας</em></strong></span> <span class='ocrx_word' id='word_1_31' title='bbox 579 484 740 538; x_wconf 81' lang='grc' dir='ltr'><strong><em>ὀρθῶς,</em></strong></span> <span class='ocrx_word' id='word_1_32' title='bbox 770 489 900 525; x_wconf 91' lang='grc' dir='ltr'><strong><em>τοῦτο</em></strong></span> <span class='ocrx_word' id='word_1_33' title='bbox 932 481 1031 537; x_wconf 76' lang='grc' dir='ltr'><strong><em>κᾶμ’</em></strong></span> <span class='ocrx_word' id='word_1_34' title='bbox 1068 484 1154 537; x_wconf 84' lang='grc' dir='ltr'><strong><em>ἔχει</em></strong></span> <span class='ocrx_word' id='word_1_35' title='bbox 1185 484 1341 531; x_wconf 76' lang='grc' dir='ltr'><strong><em>πόθος,</em></strong></span> 
     </span>
     <span class='ocr_line' id='line_1_6' title="bbox 311 551 1390 608; baseline -0.003 -12"><span class='ocrx_word' id='word_1_36' title='bbox 311 554 427 604; x_wconf 79' lang='grc' dir='ltr'><strong><em>ὅπως</em></strong></span> <span class='ocrx_word' id='word_1_37' title='bbox 458 555 514 596; x_wconf 87' lang='grc' dir='ltr'><strong><em>σύ</em></strong></span> <span class='ocrx_word' id='word_1_38' title='bbox 545 553 601 608; x_wconf 86' lang='grc' dir='ltr'><strong><em>τ’,</em></strong></span> <span class='ocrx_word' id='word_1_39' title='bbox 635 552 667 596; x_wconf 86' lang='grc' dir='ltr'><em>ὦ</em></span> <span class='ocrx_word' id='word_1_40' title='bbox 700 562 792 608; x_wconf 81' lang='grc' dir='ltr'><strong><em>παῖ,</em></strong></span> <span class='ocrx_word' id='word_1_41' title='bbox 824 553 971 608; x_wconf 89' lang='grc' dir='ltr'><strong><em>μητέρ’</em></strong></span> <span class='ocrx_word' id='word_1_42' title='bbox 1010 554 1210 607; x_wconf 77' lang='grc' dir='ltr'><strong><em>εὑρήσεις</em></strong></span> <span class='ocrx_word' id='word_1_43' title='bbox 1242 551 1390 605; x_wconf 84' lang='grc' dir='ltr'><strong><em>σέθεν,</em></strong></span> 
     </span>
     <span class='ocr_line' id='line_1_7' title="bbox 311 622 1210 680; baseline -0.001 -14"><span class='ocrx_word' id='word_1_44' title='bbox 311 625 394 679; x_wconf 86' lang='grc' dir='ltr'><strong><em>ἐγώ</em></strong></span> <span class='ocrx_word' id='word_1_45' title='bbox 427 622 474 667; x_wconf 86' lang='grc' dir='ltr'><strong><em>θ’</em></strong></span> <span class='ocrx_word' id='word_1_46' title='bbox 511 626 664 675; x_wconf 83' lang='grc' dir='ltr'><em>ὁποίας</em></span> <span class='ocrx_word' id='word_1_47' title='bbox 696 640 770 680; x_wconf 88' lang='grc' dir='ltr'><strong><em>μοι</em></strong></span> <span class='ocrx_word' id='word_1_48' title='bbox 801 625 1012 679; x_wconf 85' lang='grc' dir='ltr'><strong><em>γυναικὸς</em></strong></span> <span class='ocrx_word' id='word_1_49' title='bbox 1045 623 1210 677; x_wconf 79' lang='grc' dir='ltr'><strong><em>ἐξέφυς.</em></strong></span> 
     </span>
     <span class='ocr_line' id='line_1_8' title="bbox 314 694 1627 752; baseline -0.002 -15"><span class='ocrx_word' id='word_1_50' title='bbox 314 698 458 752; x_wconf 80' lang='grc' dir='ltr'><strong><em>χρόνῳ</em></strong></span> <span class='ocrx_word' id='word_1_51' title='bbox 492 694 540 738; x_wconf 76' lang='grc' dir='ltr'><strong><em>δὲ</em></strong></span> <span class='ocrx_word' id='word_1_52' title='bbox 573 697 725 746; x_wconf 79' lang='grc' dir='ltr'><strong><em>δόντες</em></strong></span> <span class='ocrx_word' id='word_1_53' title='bbox 755 694 878 737; x_wconf 85' lang='grc' dir='ltr'><strong><em>ταῦτ’</em></strong></span> <span class='ocrx_word' id='word_1_54' title='bbox 915 699 1018 745; x_wconf 78' lang='grc' dir='ltr'><strong><em>ἴσως</em></strong></span> <span class='ocrx_word' id='word_1_55' title='bbox 1050 695 1256 749; x_wconf 83' lang='grc' dir='ltr'><strong><em>εὕροιμεν</em></strong></span> <span class='ocrx_word' id='word_1_56' title='bbox 1289 695 1353 735; x_wconf 79' lang='grc' dir='ltr'><strong><em>ἄν.</em></strong></span> <span class='ocrx_word' id='word_1_57' title='bbox 1560 703 1627 734; x_wconf 77' lang='lat'><strong><em>575</em></strong></span> 
     </span>
     <span class='ocr_line' id='line_1_9' title="bbox 316 764 1400 821; baseline -0.003 -12"><span class='ocrx_word' id='word_1_58' title='bbox 316 765 409 809; x_wconf 88' lang='grc' dir='ltr'><strong><em>ἀλλ’</em></strong></span> <span class='ocrx_word' id='word_1_59' title='bbox 447 767 635 809; x_wconf 80' lang='grc' dir='ltr'><strong><em>ἐκλιπὼν</em></strong></span> <span class='ocrx_word' id='word_1_60' title='bbox 667 772 780 809; x_wconf 82' lang='grc' dir='ltr'><strong><em>θεοῦ</em></strong></span> <span class='ocrx_word' id='word_1_61' title='bbox 813 764 964 809; x_wconf 78' lang='grc' dir='ltr'><strong><em>δάπεδ’</em></strong></span> <span class='ocrx_word' id='word_1_62' title='bbox 1002 766 1207 821; x_wconf 80' lang='grc' dir='ltr'><strong><em>ἀλητείαν</em></strong></span> <span class='ocrx_word' id='word_1_63' title='bbox 1239 782 1284 808; x_wconf 89' lang='grc' dir='ltr'><strong><em>τε</em></strong></span> <span class='ocrx_word' id='word_1_64' title='bbox 1317 766 1400 819; x_wconf 87' lang='grc' dir='ltr'><strong><em>σὴν</em></strong></span> 
     </span>
     <span class='ocr_line' id='line_1_10' title="bbox 313 837 1313 894; baseline -0.002 -14"><span class='ocrx_word' id='word_1_65' title='bbox 313 838 356 888; x_wconf 84' lang='grc' dir='ltr'><strong><em>ἐς</em></strong></span> <span class='ocrx_word' id='word_1_66' title='bbox 386 839 462 888; x_wconf 82' lang='grc' dir='ltr'><strong><em>τὰς</em></strong></span> <span class='ocrx_word' id='word_1_67' title='bbox 487 837 679 892; x_wconf 90' lang='grc' dir='ltr'><strong><em>Ἀθήνας</em></strong></span> <span class='ocrx_word' id='word_1_68' title='bbox 710 847 849 894; x_wconf 84' lang='grc' dir='ltr'><strong><em>στεῖχε</em></strong></span> <span class='ocrx_word' id='word_1_69' title='bbox 881 839 1135 894; x_wconf 84' lang='grc' dir='ltr'><strong><em>κοινόφρων</em></strong></span> <span class='ocrx_word' id='word_1_70' title='bbox 1166 839 1313 892; x_wconf 88' lang='grc' dir='ltr'><strong><em>πατρί,</em></strong></span> 
     </span>
     <span class='ocr_line' id='line_1_11' title="bbox 315 905 1450 964; baseline -0.002 -13"><span class='ocrx_word' id='word_1_71' title='bbox 315 905 369 951; x_wconf 81' lang='grc' dir='ltr'><strong><em>οὗ</em></strong></span> <span class='ocrx_word' id='word_1_72' title='bbox 402 907 442 951; x_wconf 89' lang='grc' dir='ltr'><strong><em>σ’</em></strong></span> <span class='ocrx_word' id='word_1_73' title='bbox 479 911 633 964; x_wconf 79' lang='grc' dir='ltr'><strong><em>ὄλβιον</em></strong></span> <span class='ocrx_word' id='word_1_74' title='bbox 665 907 745 964; x_wconf 77' lang='grc' dir='ltr'><strong><em>μὲν</em></strong></span> <span class='ocrx_word' id='word_1_75' title='bbox 777 915 1000 964; x_wconf 88' lang='grc' dir='ltr'><strong><em>σκῆπτρον</em></strong></span> <span class='ocrx_word' id='word_1_76' title='bbox 1033 908 1240 964; x_wconf 82' lang='grc' dir='ltr'><strong><em>ἀναμένει</em></strong></span> <span class='ocrx_word' id='word_1_77' title='bbox 1273 909 1450 963; x_wconf 85' lang='grc' dir='ltr'><strong><em>πατρός,</em></strong></span> 
     </span>
     <span class='ocr_line' id='line_1_12' title="bbox 313 978 1314 1035; baseline -0.001 -13"><span class='ocrx_word' id='word_1_78' title='bbox 313 979 451 1030; x_wconf 85' lang='grc' dir='ltr'><strong><em>πολὺς</em></strong></span> <span class='ocrx_word' id='word_1_79' title='bbox 483 978 531 1022; x_wconf 77' lang='grc' dir='ltr'><strong><em>δὲ</em></strong></span> <span class='ocrx_word' id='word_1_80' title='bbox 563 984 768 1030; x_wconf 87' lang='grc' dir='ltr'><strong><em>πλοῦτος·</em></strong></span> <span class='ocrx_word' id='word_1_81' title='bbox 802 979 908 1022; x_wconf 78' lang='grc' dir='ltr'><strong><em>οὐδὲ</em></strong></span> <span class='ocrx_word' id='word_1_82' title='bbox 939 980 1133 1035; x_wconf 80' lang='grc' dir='ltr'><strong><em>θάτερον</em></strong></span> <span class='ocrx_word' id='word_1_83' title='bbox 1164 987 1314 1021; x_wconf 85' lang='grc' dir='ltr'><strong><em>νοσῶν</em></strong></span> 
     </span>
     <span class='ocr_line' id='line_1_13' title="bbox 316 1048 1629 1107; baseline -0.002 -14"><span class='ocrx_word' id='word_1_84' title='bbox 316 1052 445 1093; x_wconf 87' lang='grc' dir='ltr'><strong><em>δυοῖν</em></strong></span> <span class='ocrx_word' id='word_1_85' title='bbox 475 1053 662 1107; x_wconf 82' lang='grc' dir='ltr'><strong><em>κεκλήσῃ</em></strong></span> <span class='ocrx_word' id='word_1_86' title='bbox 697 1052 912 1106; x_wconf 86' lang='grc' dir='ltr'><strong><em>δυσγενὴς</em></strong></span> <span class='ocrx_word' id='word_1_87' title='bbox 942 1050 1076 1105; x_wconf 88' lang='grc' dir='ltr'><strong><em>πένης</em></strong></span> <span class='ocrx_word' id='word_1_88' title='bbox 1107 1048 1155 1093; x_wconf 89' lang='grc' dir='ltr'><strong><em>θ’</em></strong></span> <span class='ocrx_word' id='word_1_89' title='bbox 1192 1051 1293 1105; x_wconf 78' lang='grc' dir='ltr'><strong><em>ἅμα,</em></strong></span> <span class='ocrx_word' id='word_1_90' title='bbox 1562 1060 1629 1091; x_wconf 82' lang='grc'><strong><em>580</em></strong></span> 
     </span>
     <span class='ocr_line' id='line_1_14' title="bbox 314 1121 1277 1177; baseline -0.001 -13"><span class='ocrx_word' id='word_1_91' title='bbox 314 1121 408 1164; x_wconf 86' lang='grc' dir='ltr'><strong><em>ἀλλ’</em></strong></span> <span class='ocrx_word' id='word_1_92' title='bbox 445 1123 626 1177; x_wconf 86' lang='grc' dir='ltr'><strong><em>εὐγενής</em></strong></span> <span class='ocrx_word' id='word_1_93' title='bbox 657 1138 701 1164; x_wconf 88' lang='grc' dir='ltr'><strong><em>τε</em></strong></span> <span class='ocrx_word' id='word_1_94' title='bbox 734 1121 806 1164; x_wconf 89' lang='grc' dir='ltr'><strong><em>καὶ</em></strong></span> <span class='ocrx_word' id='word_1_95' title='bbox 838 1125 1129 1177; x_wconf 86' lang='grc' dir='ltr'><strong><em>πολυκτήμων</em></strong></span> <span class='ocrx_word' id='word_1_96' title='bbox 1164 1124 1277 1176; x_wconf 88' lang='grc' dir='ltr'><strong><em>βίου.</em></strong></span> 
     </span>
     <span class='ocr_line' id='line_1_15' title="bbox 314 1194 1374 1250; baseline -0.001 -15"><span class='ocrx_word' id='word_1_97' title='bbox 314 1199 457 1250; x_wconf 76' lang='grc' dir='ltr'><strong><em>σιγᾷς;</em></strong></span> <span class='ocrx_word' id='word_1_98' title='bbox 492 1195 537 1235; x_wconf 89' lang='grc' dir='ltr'><strong><em>τί</em></strong></span> <span class='ocrx_word' id='word_1_99' title='bbox 565 1194 673 1245; x_wconf 89' lang='grc' dir='ltr'><strong><em>πρὸς</em></strong></span> <span class='ocrx_word' id='word_1_100' title='bbox 703 1199 788 1248; x_wconf 88' lang='grc' dir='ltr'><strong><em>γῆν</em></strong></span> <span class='ocrx_word' id='word_1_101' title='bbox 820 1194 936 1249; x_wconf 84' lang='grc' dir='ltr'><strong><em>ὄμμα</em></strong></span> <span class='ocrx_word' id='word_1_102' title='bbox 969 1195 1050 1236; x_wconf 91' lang='grc' dir='ltr'><strong><em>σὸν</em></strong></span> <span class='ocrx_word' id='word_1_103' title='bbox 1081 1194 1231 1248; x_wconf 85' lang='grc' dir='ltr'><strong><em>βαλὼν</em></strong></span> <span class='ocrx_word' id='word_1_104' title='bbox 1263 1194 1374 1248; x_wconf 84' lang='grc' dir='ltr'><strong><em>ἔχεις</em></strong></span> 
     </span>
     <span class='ocr_line' id='line_1_16' title="bbox 318 1262 1365 1320; baseline -0.001 -14"><span class='ocrx_word' id='word_1_105' title='bbox 318 1265 361 1315; x_wconf 87' lang='grc' dir='ltr'><strong><em>ές</em></strong></span> <span class='ocrx_word' id='word_1_106' title='bbox 393 1265 635 1320; x_wconf 79' lang='grc' dir='ltr'><strong><em>φροντίδας</em></strong></span> <span class='ocrx_word' id='word_1_107' title='bbox 666 1263 701 1306; x_wconf 86' lang='grc' dir='ltr'><strong><em>τ’</em></strong></span> <span class='ocrx_word' id='word_1_108' title='bbox 741 1264 951 1319; x_wconf 80' lang='grc' dir='ltr'><strong><em>ἀπῆλθες,</em></strong></span> <span class='ocrx_word' id='word_1_109' title='bbox 984 1265 1029 1307; x_wconf 84' lang='grc' dir='ltr'><strong><em>ἐκ</em></strong></span> <span class='ocrx_word' id='word_1_110' title='bbox 1063 1262 1111 1306; x_wconf 76' lang='grc' dir='ltr'><strong><em>δὲ</em></strong></span> <span class='ocrx_word' id='word_1_111' title='bbox 1142 1270 1365 1319; x_wconf 84' lang='grc' dir='ltr'><strong><em>χαρμονῆς</em></strong></span> 
     </span>
     <span class='ocr_line' id='line_1_17' title="bbox 313 1336 1350 1391; baseline -0.002 -13"><span class='ocrx_word' id='word_1_112' title='bbox 313 1337 446 1378; x_wconf 78' lang='grc' dir='ltr'><strong><em>πάλιν</em></strong></span> <span class='ocrx_word' id='word_1_113' title='bbox 477 1337 688 1391; x_wconf 82' lang='grc' dir='ltr'><strong><em>μεταστὰς</em></strong></span> <span class='ocrx_word' id='word_1_114' title='bbox 720 1337 846 1390; x_wconf 83' lang='grc' dir='ltr'><strong><em>δεῖμα</em></strong></span> <span class='ocrx_word' id='word_1_115' title='bbox 878 1336 1170 1390; x_wconf 76' lang='grc' dir='ltr'><strong><em>προσβάλλεις</em></strong></span> <span class='ocrx_word' id='word_1_116' title='bbox 1201 1337 1350 1390; x_wconf 88' lang='grc' dir='ltr'><strong><em>πατρι’;</em></strong></span> 
     </span>
     <span class='ocr_line' id='line_1_18' title="bbox 102 1403 1628 1462; baseline -0.002 -14"><span class='ocrx_word' id='word_1_117' title='bbox 102 1409 227 1448; x_wconf 76' lang='grc' dir='ltr'><em>ΙΩΝ.</em></span> <span class='ocrx_word' id='word_1_118' title='bbox 317 1407 370 1449; x_wconf 87' lang='grc' dir='ltr'><strong><em>οὐ</em></strong></span> <span class='ocrx_word' id='word_1_119' title='bbox 401 1407 563 1449; x_wconf 89' lang='grc' dir='ltr'><strong><em>ταύτὸν</em></strong></span> <span class='ocrx_word' id='word_1_120' title='bbox 596 1403 713 1457; x_wconf 84' lang='grc' dir='ltr'><strong><em>εἶδος</em></strong></span> <span class='ocrx_word' id='word_1_121' title='bbox 744 1409 948 1462; x_wconf 88' lang='grc' dir='ltr'><strong><em>φαίνεται</em></strong></span> <span class='ocrx_word' id='word_1_122' title='bbox 979 1414 1068 1448; x_wconf 89' lang='grc' dir='ltr'><strong><em>τῶν</em></strong></span> <span class='ocrx_word' id='word_1_123' title='bbox 1098 1406 1366 1461; x_wconf 77' lang='grc' dir='ltr'><strong><em>πραγμάτων</em></strong></span> <span class='ocrx_word' id='word_1_124' title='bbox 1560 1415 1628 1446; x_wconf 79' lang='grc'><strong><em>585</em></strong></span> 
     </span>
     <span class='ocr_line' id='line_1_19' title="bbox 313 1475 1316 1534; baseline -0.001 -15"><span class='ocrx_word' id='word_1_125' title='bbox 313 1480 551 1534; x_wconf 85' lang='grc' dir='ltr'><strong><em>πρόσωθεν</em></strong></span> <span class='ocrx_word' id='word_1_126' title='bbox 583 1479 726 1520; x_wconf 83' lang='grc' dir='ltr'><strong><em>ὄντων</em></strong></span> <span class='ocrx_word' id='word_1_127' title='bbox 759 1478 950 1532; x_wconf 85' lang='grc' dir='ltr'><strong><em>ἐγγύθεν</em></strong></span> <span class='ocrx_word' id='word_1_128' title='bbox 981 1476 1028 1519; x_wconf 89' lang='grc' dir='ltr'><strong><em>θ’</em></strong></span> <span class='ocrx_word' id='word_1_129' title='bbox 1067 1475 1316 1532; x_wconf 86' lang='grc' dir='ltr'><strong><em>ὁρωμένων.</em></strong></span> 
     </span>
     <span class='ocr_line' id='line_1_20' title="bbox 315 1546 1264 1604; baseline -0.001 -13"><span class='ocrx_word' id='word_1_130' title='bbox 315 1549 399 1603; x_wconf 84' lang='grc' dir='ltr'><strong><em>ἐγὼ</em></strong></span> <span class='ocrx_word' id='word_1_131' title='bbox 432 1547 480 1590; x_wconf 77' lang='grc' dir='ltr'><strong><em>δὲ</em></strong></span> <span class='ocrx_word' id='word_1_132' title='bbox 512 1549 592 1603; x_wconf 89' lang='grc' dir='ltr'><strong><em>τὴν</em></strong></span> <span class='ocrx_word' id='word_1_133' title='bbox 624 1546 704 1604; x_wconf 76' lang='grc' dir='ltr'><strong><em>μὲν</em></strong></span> <span class='ocrx_word' id='word_1_134' title='bbox 736 1550 974 1603; x_wconf 83' lang='grc' dir='ltr'><strong><em>συμφορὰν</em></strong></span> <span class='ocrx_word' id='word_1_135' title='bbox 1006 1549 1264 1602; x_wconf 79' lang='grc' dir='ltr'><strong><em>ἀσπάζομαι,</em></strong></span> 
     </span>
     <span class='ocr_line' id='line_1_21' title="bbox 315 1615 1384 1675; baseline -0.001 -14"><span class='ocrx_word' id='word_1_136' title='bbox 315 1619 480 1675; x_wconf 84' lang='grc' dir='ltr'><strong><em>πατέρα</em></strong></span> <span class='ocrx_word' id='word_1_137' title='bbox 513 1618 553 1661; x_wconf 84' lang='grc' dir='ltr'><strong><em>σ’</em></strong></span> <span class='ocrx_word' id='word_1_138' title='bbox 591 1619 812 1675; x_wconf 86' lang='grc' dir='ltr'><strong><em>ἀνευρών·</em></strong></span> <span class='ocrx_word' id='word_1_139' title='bbox 845 1615 907 1661; x_wconf 80' lang='grc' dir='ltr'><strong><em>ὧν</em></strong></span> <span class='ocrx_word' id='word_1_140' title='bbox 941 1618 989 1661; x_wconf 79' lang='grc' dir='ltr'><strong><em>δὲ</em></strong></span> <span class='ocrx_word' id='word_1_141' title='bbox 1020 1619 1252 1673; x_wconf 76' lang='grc' dir='ltr'><strong><em>γιγνώσκω</em></strong></span> <span class='ocrx_word' id='word_1_142' title='bbox 1284 1618 1384 1673; x_wconf 90' lang='grc' dir='ltr'><strong><em>πέρι</em></strong></span> 
     </span>
     <span class='ocr_line' id='line_1_22' title="bbox 314 1687 1257 1746; baseline -0.001 -13"><span class='ocrx_word' id='word_1_143' title='bbox 314 1692 521 1733; x_wconf 79' lang='grc' dir='ltr'><strong><em>ἄκουσον.</em></strong></span> <span class='ocrx_word' id='word_1_144' title='bbox 583 1687 702 1733; x_wconf 83' lang='grc' dir='ltr'><strong><em>εἷναί</em></strong></span> <span class='ocrx_word' id='word_1_145' title='bbox 730 1703 840 1746; x_wconf 91' lang='grc' dir='ltr'><strong><em>φασι</em></strong></span> <span class='ocrx_word' id='word_1_146' title='bbox 870 1691 947 1741; x_wconf 80' lang='grc' dir='ltr'><strong><em>τὰς</em></strong></span> <span class='ocrx_word' id='word_1_147' title='bbox 978 1691 1257 1745; x_wconf 89' lang='grc' dir='ltr'><strong><em>αὐτόχθονας</em></strong></span> 
     </span>
     <span class='ocr_line' id='line_1_23' title="bbox 313 1761 1630 1815; baseline -0.003 -11"><span class='ocrx_word' id='word_1_148' title='bbox 313 1763 488 1812; x_wconf 78' lang='grc' dir='ltr'><strong><em>κλεινὰς</em></strong></span> <span class='ocrx_word' id='word_1_149' title='bbox 515 1761 706 1815; x_wconf 83' lang='grc' dir='ltr'><strong><em>Ἀθήνας</em></strong></span> <span class='ocrx_word' id='word_1_150' title='bbox 738 1762 818 1804; x_wconf 88' lang='grc' dir='ltr'><strong><em>οὐκ</em></strong></span> <span class='ocrx_word' id='word_1_151' title='bbox 850 1761 1107 1804; x_wconf 83' lang='grc' dir='ltr'><strong><em>ἐπείσακτον</em></strong></span> <span class='ocrx_word' id='word_1_152' title='bbox 1140 1761 1282 1815; x_wconf 77' lang='grc' dir='ltr'><strong><em>γένος,</em></strong></span> <span class='ocrx_word' id='word_1_153' title='bbox 1563 1770 1630 1801; x_wconf 82' lang='lat'><strong><em>590</em></strong></span> 
     </span>
     <span class='ocr_line' id='line_1_24' title="bbox 316 1831 1257 1888; baseline 0.001 -14"><span class='ocrx_word' id='word_1_154' title='bbox 316 1831 373 1874; x_wconf 79' lang='grc' dir='ltr'><strong><em>ἵν’</em></strong></span> <span class='ocrx_word' id='word_1_155' title='bbox 411 1833 676 1888; x_wconf 85' lang='grc' dir='ltr'><strong><em>ἐσπεσοῦμαι</em></strong></span> <span class='ocrx_word' id='word_1_156' title='bbox 711 1834 792 1875; x_wconf 90' lang='grc' dir='ltr'><strong><em>δύο</em></strong></span> <span class='ocrx_word' id='word_1_157' title='bbox 824 1835 942 1875; x_wconf 92' lang='grc' dir='ltr'><strong><em>νόσω</em></strong></span> <span class='ocrx_word' id='word_1_158' title='bbox 975 1832 1257 1888; x_wconf 83' lang='grc' dir='ltr'><strong><em>κεκτημένος,</em></strong></span> 
     </span>
     <span class='ocr_line' id='line_1_25' title="bbox 316 1901 1350 1960; baseline -0.001 -14"><span class='ocrx_word' id='word_1_159' title='bbox 316 1906 478 1960; x_wconf 88' lang='grc' dir='ltr'><strong><em>πατρός</em></strong></span> <span class='ocrx_word' id='word_1_160' title='bbox 509 1901 546 1946; x_wconf 85' lang='grc' dir='ltr'><strong><em>τ’</em></strong></span> <span class='ocrx_word' id='word_1_161' title='bbox 583 1905 772 1947; x_wconf 86' lang='grc' dir='ltr'><strong><em>ἐπακτοῦ</em></strong></span> <span class='ocrx_word' id='word_1_162' title='bbox 803 1905 963 1955; x_wconf 88' lang='grc' dir='ltr'><strong><em>καύτὸς</em></strong></span> <span class='ocrx_word' id='word_1_163' title='bbox 995 1905 1057 1946; x_wconf 82' lang='grc' dir='ltr'><strong><em>ὢν</em></strong></span> <span class='ocrx_word' id='word_1_164' title='bbox 1088 1906 1350 1958; x_wconf 81' lang='grc' dir='ltr'><strong><em>νοθαγενής.</em></strong></span> 
     </span>
     <span class='ocr_line' id='line_1_26' title="bbox 317 1972 1413 2030; baseline -0.002 -13"><span class='ocrx_word' id='word_1_165' title='bbox 317 1974 390 2018; x_wconf 86' lang='grc' dir='ltr'><strong><em>καὶ</em></strong></span> <span class='ocrx_word' id='word_1_166' title='bbox 421 1972 540 2018; x_wconf 87' lang='grc' dir='ltr'><strong><em>τοῦτ’</em></strong></span> <span class='ocrx_word' id='word_1_167' title='bbox 578 1977 690 2030; x_wconf 82' lang='grc' dir='ltr'><strong><em>ἔχων</em></strong></span> <span class='ocrx_word' id='word_1_168' title='bbox 722 1975 965 2029; x_wconf 81' lang='grc' dir='ltr'><strong><em>τοῦνειδος,</em></strong></span> <span class='ocrx_word' id='word_1_169' title='bbox 998 1975 1192 2030; x_wconf 88' lang='grc' dir='ltr'><strong><em>ἀσθενὴς</em></strong></span> <span class='ocrx_word' id='word_1_170' title='bbox 1223 1974 1303 2030; x_wconf 77' lang='grc' dir='ltr'><strong><em>μὲν</em></strong></span> <span class='ocrx_word' id='word_1_171' title='bbox 1336 1975 1413 2028; x_wconf 82' lang='grc' dir='ltr'><strong><em>ὤν,</em></strong></span> 
     </span>
     <span class='ocr_line' id='line_1_27' title="bbox 317 2044 1103 2102; baseline -0.001 -13"><span class='ocrx_word' id='word_1_172' title='bbox 317 2044 456 2102; x_wconf 75' lang='grc' dir='ltr'><strong><em>μηδὲν</em></strong></span> <span class='ocrx_word' id='word_1_173' title='bbox 487 2046 560 2089; x_wconf 87' lang='grc' dir='ltr'><strong><em>καὶ</em></strong></span> <span class='ocrx_word' id='word_1_174' title='bbox 592 2045 791 2089; x_wconf 88' lang='grc' dir='ltr'><strong><em>οὐδένων</em></strong></span> <span class='ocrx_word' id='word_1_175' title='bbox 822 2049 1103 2102; x_wconf 88' lang='grc' dir='ltr'><strong><em>κεκλήσομαι·</em></strong></span> 
     </span>
     <span class='ocr_line' id='line_1_28' title="bbox 316 2115 1631 2173; baseline -0.002 -13"><span class='ocrx_word' id='word_1_176' title='bbox 316 2118 372 2172; x_wconf 80' lang='grc' dir='ltr'><strong><em>ἢν</em></strong></span> <span class='ocrx_word' id='word_1_177' title='bbox 405 2115 444 2159; x_wconf 87' lang='grc' dir='ltr'><strong><em>δ’</em></strong></span> <span class='ocrx_word' id='word_1_178' title='bbox 482 2117 525 2168; x_wconf 85' lang='grc' dir='ltr'><strong><em>ἐς</em></strong></span> <span class='ocrx_word' id='word_1_179' title='bbox 555 2118 604 2160; x_wconf 91' lang='grc' dir='ltr'><strong><em>τὸ</em></strong></span> <span class='ocrx_word' id='word_1_180' title='bbox 636 2125 810 2173; x_wconf 84' lang='grc' dir='ltr'><strong><em>πρῶτον</em></strong></span> <span class='ocrx_word' id='word_1_181' title='bbox 841 2120 1000 2167; x_wconf 91' lang='grc' dir='ltr'><strong><em>πόλεος</em></strong></span> <span class='ocrx_word' id='word_1_182' title='bbox 1033 2116 1247 2172; x_wconf 82' lang='grc' dir='ltr'><strong><em>ὁρμηθεὶς</em></strong></span> <span class='ocrx_word' id='word_1_183' title='bbox 1280 2119 1410 2171; x_wconf 82' lang='grc' dir='ltr'><strong><em>ζυγὸν</em></strong></span> <span class='ocrx_word' id='word_1_184' title='bbox 1564 2127 1631 2158; x_wconf 82' lang='lat'><strong><em>595</em></strong></span> 
     </span>
     <span class='ocr_line' id='line_1_29' title="bbox 318 2186 1300 2244; baseline 0.001 -14"><span class='ocrx_word' id='word_1_185' title='bbox 318 2191 426 2244; x_wconf 83' lang='grc' dir='ltr'><strong><em>ζητῶ</em></strong></span> <span class='ocrx_word' id='word_1_186' title='bbox 457 2205 522 2239; x_wconf 91' lang='grc' dir='ltr'><strong><em>τις</em></strong></span> <span class='ocrx_word' id='word_1_187' title='bbox 553 2186 682 2243; x_wconf 81' lang='grc' dir='ltr'><strong><em>εἶναι,</em></strong></span> <span class='ocrx_word' id='word_1_188' title='bbox 715 2196 804 2231; x_wconf 85' lang='grc' dir='ltr'><strong><em>τῶν</em></strong></span> <span class='ocrx_word' id='word_1_189' title='bbox 837 2187 917 2244; x_wconf 76' lang='grc' dir='ltr'><strong><em>μὲν</em></strong></span> <span class='ocrx_word' id='word_1_190' title='bbox 949 2189 1183 2231; x_wconf 78' lang='grc' dir='ltr'><strong><em>ἀδυνάτων</em></strong></span> <span class='ocrx_word' id='word_1_191' title='bbox 1214 2189 1300 2231; x_wconf 78' lang='grc' dir='ltr'><strong><em>ὕπο</em></strong></span> 
     </span>
     <span class='ocr_line' id='line_1_30' title="bbox 317 2260 1308 2316; baseline -0.001 -14"><span class='ocrx_word' id='word_1_192' title='bbox 317 2262 643 2316; x_wconf 86' lang='grc' dir='ltr'><strong><em>μισησόμεσθα·</em></strong></span> <span class='ocrx_word' id='word_1_193' title='bbox 678 2260 824 2315; x_wconf 84' lang='grc' dir='ltr'><strong><em>λυπρὰ</em></strong></span> <span class='ocrx_word' id='word_1_194' title='bbox 855 2261 939 2315; x_wconf 87' lang='grc' dir='ltr'><strong><em>γὰρ</em></strong></span> <span class='ocrx_word' id='word_1_195' title='bbox 971 2261 1024 2301; x_wconf 84' lang='grc' dir='ltr'><strong><em>τὰ</em></strong></span> <span class='ocrx_word' id='word_1_196' title='bbox 1054 2262 1308 2315; x_wconf 83' lang='grc' dir='ltr'><strong><em>κρείσσονα·</em></strong></span> 
     </span>
    </p>
   </div>
   <div class='ocr_carea' id='block_1_3' title="bbox 106 2424 1635 2952">
    <p class='ocr_par' dir='ltr' id='par_1_3' title="bbox 106 2424 1635 2952">
     <span class='ocr_line' id='line_1_31' title="bbox 199 2424 1634 2474; baseline -0.003 -9"><span class='ocrx_word' id='word_1_197' title='bbox 199 2434 267 2465; x_wconf 80' lang='grc'><strong><em>569</em></strong></span> <span class='ocrx_word' id='word_1_198' title='bbox 294 2429 467 2474; x_wconf 82' lang='grc' dir='ltr'><strong><em>ἀνύρεσιν</em></strong></span> <span class='ocrx_word' id='word_1_199' title='bbox 494 2430 536 2473; x_wconf 88' lang='lat' dir='ltr'><strong><em>P,</em></strong></span> <span class='ocrx_word' id='word_1_200' title='bbox 568 2427 761 2474; x_wconf 77' lang='grc' dir='ltr'><strong><em>ἀναίρεσιν</em></strong></span> <span class='ocrx_word' id='word_1_201' title='bbox 783 2442 811 2474; x_wconf 80' lang='lat' dir='ltr'><em>p</em></span> <span class='ocrx_word' id='word_1_202' title='bbox 923 2433 988 2464; x_wconf 81' lang='lat'><strong><em>571</em></strong></span> <span class='ocrx_word' id='word_1_203' title='bbox 1018 2427 1121 2474; x_wconf 83' lang='grc' dir='ltr'><strong><em>εὗρες</em></strong></span> <span class='ocrx_word' id='word_1_204' title='bbox 1145 2430 1224 2464; x_wconf 85' lang='lat' dir='ltr'><strong><em>LP</em></strong></span> <span class='ocrx_word' id='word_1_205' title='bbox 1331 2432 1398 2463; x_wconf 79' lang='lat'><strong><em>572</em></strong></span> <span class='ocrx_word' id='word_1_206' title='bbox 1426 2427 1444 2463; x_wconf 82' lang='grc' dir='ltr'><em>ὃ</em></span> <span class='ocrx_word' id='word_1_207' title='bbox 1477 2426 1512 2462; x_wconf 89' lang='grc' dir='ltr'><strong><em>δ’</em></strong></span> <span class='ocrx_word' id='word_1_208' title='bbox 1544 2424 1634 2474; x_wconf 77' lang='grc' dir='ltr'><strong><em>ᾖξας</em></strong></span> 
     </span>
     <span class='ocr_line' id='line_1_32' title="bbox 106 2479 1539 2530; baseline -0.003 -11"><span class='ocrx_word' id='word_1_209' title='bbox 106 2484 244 2530; x_wconf 83' lang='grc' dir='ltr'><strong><em>ὀρθῶς]</em></strong></span> <span class='ocrx_word' id='word_1_210' title='bbox 276 2481 312 2518; x_wconf 87' lang='grc' dir='ltr'><strong><em>οἶ</em></strong></span> <span class='ocrx_word' id='word_1_211' title='bbox 343 2483 378 2518; x_wconf 81' lang='grc' dir='ltr'><strong><em>δ’</em></strong></span> <span class='ocrx_word' id='word_1_212' title='bbox 414 2480 506 2530; x_wconf 81' lang='grc' dir='ltr'><strong><em>ᾖξας</em></strong></span> <span class='ocrx_word' id='word_1_213' title='bbox 537 2483 694 2529; x_wconf 82' lang='grc' dir='ltr'><strong><em>[ὀρθῶς]</em></strong></span> <span class='ocrx_word' id='word_1_214' title='bbox 726 2483 968 2526; x_wconf 73' lang='lat' dir='ltr'>Herwerden‚</span> <span class='ocrx_word' id='word_1_215' title='bbox 1000 2482 1083 2518; x_wconf 73' lang='lat' dir='ltr'>fort.</span> <span class='ocrx_word' id='word_1_216' title='bbox 1122 2481 1157 2517; x_wconf 87' lang='grc' dir='ltr'><strong><em>οἶ</em></strong></span> <span class='ocrx_word' id='word_1_217' title='bbox 1191 2482 1226 2517; x_wconf 83' lang='grc' dir='ltr'><strong><em>δ’</em></strong></span> <span class='ocrx_word' id='word_1_218' title='bbox 1263 2479 1319 2529; x_wconf 80' lang='grc' dir='ltr'><strong><em>ᾖξ’</em></strong></span> <span class='ocrx_word' id='word_1_219' title='bbox 1359 2481 1447 2525; x_wconf 72' lang='grc' dir='ltr'><strong><em>ἔρως</em></strong></span> <span class='ocrx_word' id='word_1_220' title='bbox 1482 2493 1539 2515; x_wconf 91' lang='grc' dir='ltr'><strong><em>σοι</em></strong></span> 
     </span>
     <span class='ocr_line' id='line_1_33' title="bbox 107 2535 1633 2580; baseline -0.003 -9"><span class='ocrx_word' id='word_1_221' title='bbox 107 2540 174 2571; x_wconf 82' lang='grc'><strong><em>575</em></strong></span> <span class='ocrx_word' id='word_1_222' title='bbox 189 2536 272 2571; x_wconf 74' lang='lat' dir='ltr'><strong>fort.</strong></span> <span class='ocrx_word' id='word_1_223' title='bbox 287 2535 387 2571; x_wconf 83' lang='grc' dir='ltr'><strong><em>τοῦτ’</em></strong></span> <span class='ocrx_word' id='word_1_224' title='bbox 413 2536 498 2576; x_wconf 78' lang='grc' dir='ltr'><strong><em>ἴσως</em></strong></span> <span class='ocrx_word' id='word_1_225' title='bbox 517 2536 670 2580; x_wconf 78' lang='grc' dir='ltr'><strong><em>ἄνοιμεν</em></strong></span> <span class='ocrx_word' id='word_1_226' title='bbox 685 2536 732 2571; x_wconf 82' lang='grc' dir='ltr'><strong><em>ἄν</em></strong></span> <span class='ocrx_word' id='word_1_227' title='bbox 791 2540 858 2570; x_wconf 82' lang='grc'><strong><em>576</em></strong></span> <span class='ocrx_word' id='word_1_228' title='bbox 873 2536 1019 2571; x_wconf 79' lang='grc' dir='ltr'><strong><em>δάπεδα</em></strong></span> <span class='ocrx_word' id='word_1_229' title='bbox 1039 2538 1212 2580; x_wconf 84' lang='grc' dir='ltr'><strong><em>λατρείαν</em></strong></span> <span class='ocrx_word' id='word_1_230' title='bbox 1227 2536 1377 2570; x_wconf 80' lang='lat' dir='ltr'>Pierson</span> <span class='ocrx_word' id='word_1_231' title='bbox 1437 2538 1504 2568; x_wconf 83' lang='lat'><strong><em>577</em></strong></span> <span class='ocrx_word' id='word_1_232' title='bbox 1520 2539 1633 2578; x_wconf 84' lang='grc' dir='ltr'><strong><em>στεῖχε</em></strong></span> 
     </span>
     <span class='ocr_line' id='line_1_34' title="bbox 107 2585 1633 2634; baseline -0.002 -11"><span class='ocrx_word' id='word_1_233' title='bbox 107 2590 152 2633; x_wconf 92' lang='lat' dir='ltr'><strong><em>L,</em></strong></span> <span class='ocrx_word' id='word_1_234' title='bbox 178 2585 270 2633; x_wconf 84' lang='grc' dir='ltr'><strong><em>ἦλθε</em></strong></span> <span class='ocrx_word' id='word_1_235' title='bbox 297 2590 332 2623; x_wconf 89' lang='grc' dir='ltr'><em>Ρ</em></span> <span class='ocrx_word' id='word_1_236' title='bbox 432 2593 498 2624; x_wconf 77' lang='grc'><strong><em>579</em></strong></span> <span class='ocrx_word' id='word_1_237' title='bbox 526 2587 680 2624; x_wconf 79' lang='grc' dir='ltr'><strong><em>κούκέθ’</em></strong></span> <span class='ocrx_word' id='word_1_238' title='bbox 711 2588 886 2633; x_wconf 78' lang='grc' dir='ltr'><strong><em>ἑκάτερον</em></strong></span> <span class='ocrx_word' id='word_1_239' title='bbox 911 2596 1031 2624; x_wconf 88' lang='grc' dir='ltr'><strong><em>νοσῶν</em></strong></span> <span class='ocrx_word' id='word_1_240' title='bbox 1056 2589 1198 2634; x_wconf 84' lang='lat' dir='ltr'>Kuiper</span> <span class='ocrx_word' id='word_1_241' title='bbox 1295 2592 1361 2623; x_wconf 81' lang='lat'><strong><em>583</em></strong></span> <span class='ocrx_word' id='word_1_242' title='bbox 1387 2586 1439 2633; x_wconf 86' lang='grc' dir='ltr'><strong><em>τ’]</em></strong></span> <span class='ocrx_word' id='word_1_243' title='bbox 1466 2586 1633 2629; x_wconf 81' lang='lat' dir='ltr'><strong>Dindorf,</strong></span> 
     </span>
     <span class='ocr_line' id='line_1_35' title="bbox 107 2639 1634 2688; baseline -0.003 -10"><span class='ocrx_word' id='word_1_244' title='bbox 107 2641 142 2678; x_wconf 85' lang='grc' dir='ltr'><strong><em>δ’</em></strong></span> <span class='ocrx_word' id='word_1_245' title='bbox 173 2643 251 2677; x_wconf 87' lang='lat' dir='ltr'><strong><em>LP</em></strong></span> <span class='ocrx_word' id='word_1_246' title='bbox 345 2645 412 2677; x_wconf 83' lang='lat'><strong><em>585</em></strong></span> <span class='ocrx_word' id='word_1_247' title='bbox 439 2643 482 2677; x_wconf 91' lang='grc' dir='ltr'><strong><em>οὐ</em></strong></span> <span class='ocrx_word' id='word_1_248' title='bbox 507 2642 644 2677; x_wconf 75' lang='grc' dir='ltr'><strong><em>ταύτὸν</em></strong></span> <span class='ocrx_word' id='word_1_249' title='bbox 671 2640 784 2688; x_wconf 84' lang='grc' dir='ltr'><strong><em>εἶδος]</em></strong></span> <span class='ocrx_word' id='word_1_250' title='bbox 819 2641 1001 2687; x_wconf 78' lang='lat' dir='ltr'>Scaliger,</span> <span class='ocrx_word' id='word_1_251' title='bbox 1034 2643 1077 2678; x_wconf 86' lang='grc' dir='ltr'><strong><em>οὐ</em></strong></span> <span class='ocrx_word' id='word_1_252' title='bbox 1109 2641 1212 2677; x_wconf 75' lang='grc' dir='ltr'><strong><em>ταῦτ’</em></strong></span> <span class='ocrx_word' id='word_1_253' title='bbox 1243 2643 1435 2686; x_wconf 77' lang='lat' dir='ltr'>(superscr.</span> <span class='ocrx_word' id='word_1_254' title='bbox 1462 2640 1502 2674; x_wconf 90' lang='grc' dir='ltr'><strong><em>τὸ</em></strong></span> <span class='ocrx_word' id='word_1_255' title='bbox 1530 2639 1634 2683; x_wconf 79' lang='grc' dir='ltr'><strong><em>αὐτὸ)</em></strong></span> 
     </span>
     <span class='ocr_line' id='line_1_36' title="bbox 107 2692 1633 2741; baseline -0.003 -11"><span class='ocrx_word' id='word_1_256' title='bbox 107 2695 252 2736; x_wconf 83' lang='grc' dir='ltr'><strong><em>ὄνειδος</em></strong></span> <span class='ocrx_word' id='word_1_257' title='bbox 271 2695 317 2739; x_wconf 89' lang='lat' dir='ltr'><strong><em>L,</em></strong></span> <span class='ocrx_word' id='word_1_258' title='bbox 343 2695 386 2729; x_wconf 86' lang='grc' dir='ltr'><strong><em>οὐ</em></strong></span> <span class='ocrx_word' id='word_1_259' title='bbox 412 2693 515 2729; x_wconf 86' lang='grc' dir='ltr'><strong><em>ταῦτ’</em></strong></span> <span class='ocrx_word' id='word_1_260' title='bbox 547 2694 691 2735; x_wconf 83' lang='grc' dir='ltr'><strong><em>ὄνειδος</em></strong></span> <span class='ocrx_word' id='word_1_261' title='bbox 717 2695 752 2728; x_wconf 88' lang='lat' dir='ltr'><em>P</em></span> <span class='ocrx_word' id='word_1_262' title='bbox 845 2698 913 2729; x_wconf 82' lang='lat'><strong><em>588</em></strong></span> <span class='ocrx_word' id='word_1_263' title='bbox 940 2692 991 2730; x_wconf 82' lang='grc' dir='ltr'><strong><em>ὧν</em></strong></span> <span class='ocrx_word' id='word_1_264' title='bbox 1017 2694 1058 2730; x_wconf 77' lang='grc' dir='ltr'><strong><em>δὲ</em></strong></span> <span class='ocrx_word' id='word_1_265' title='bbox 1085 2695 1286 2741; x_wconf 75' lang='grc' dir='ltr'><strong><em>γιγνώσκω,</em></strong></span> <span class='ocrx_word' id='word_1_266' title='bbox 1312 2693 1426 2736; x_wconf 77' lang='grc' dir='ltr'><strong><em>πάτερ</em></strong></span> <span class='ocrx_word' id='word_1_267' title='bbox 1453 2693 1633 2736; x_wconf 80' lang='lat' dir='ltr'>Badham,</span> 
     </span>
     <span class='ocr_line' id='line_1_37' title="bbox 106 2744 1635 2795; baseline -0.002 -12"><span class='ocrx_word' id='word_1_268' title='bbox 106 2748 190 2783; x_wconf 71' lang='lat' dir='ltr'><strong>fort.</strong></span> <span class='ocrx_word' id='word_1_269' title='bbox 229 2746 281 2783; x_wconf 84' lang='grc' dir='ltr'><strong><em>ὧν</em></strong></span> <span class='ocrx_word' id='word_1_270' title='bbox 319 2747 360 2782; x_wconf 79' lang='grc' dir='ltr'><strong><em>δὲ</em></strong></span> <span class='ocrx_word' id='word_1_271' title='bbox 398 2748 575 2792; x_wconf 83' lang='grc' dir='ltr'><strong><em>δυσθυμῶ</em></strong></span> <span class='ocrx_word' id='word_1_272' title='bbox 612 2746 696 2791; x_wconf 83' lang='grc' dir='ltr'><strong><em>πέρι</em></strong></span> <span class='ocrx_word' id='word_1_273' title='bbox 818 2751 885 2782; x_wconf 83' lang='grc'><strong><em>589</em></strong></span> <span class='ocrx_word' id='word_1_274' title='bbox 922 2747 1003 2795; x_wconf 79' lang='grc' dir='ltr'><strong><em>τὰς]</em></strong></span> <span class='ocrx_word' id='word_1_275' title='bbox 1037 2748 1103 2788; x_wconf 81' lang='grc' dir='ltr'><strong><em>σὰς</em></strong></span> <span class='ocrx_word' id='word_1_276' title='bbox 1135 2748 1325 2781; x_wconf 82' lang='lat' dir='ltr'><strong>Hermann</strong></span> <span class='ocrx_word' id='word_1_277' title='bbox 1347 2749 1352 2789; x_wconf 82' lang='grc'>1</span> <span class='ocrx_word' id='word_1_278' title='bbox 1374 2744 1635 2791; x_wconf 82' lang='grc' dir='ltr'><strong><em>παλαίχθονας</em></strong></span> 
     </span>
     <span class='ocr_line' id='line_1_38' title="bbox 109 2797 1634 2846; baseline -0.001 -11"><span class='ocrx_word' id='word_1_279' title='bbox 109 2801 339 2837; x_wconf 83' lang='lat' dir='ltr'>Schoemann</span> <span class='ocrx_word' id='word_1_280' title='bbox 437 2804 504 2835; x_wconf 82' lang='lat'><strong><em>593</em></strong></span> <span class='ocrx_word' id='word_1_281' title='bbox 532 2800 616 2846; x_wconf 78' lang='grc' dir='ltr'><strong><em>ἕχον</em></strong></span> <span class='ocrx_word' id='word_1_282' title='bbox 643 2802 678 2835; x_wconf 84' lang='grc' dir='ltr'><strong><em>Ρ</em></strong></span> <span class='ocrx_word' id='word_1_283' title='bbox 771 2805 839 2835; x_wconf 80' lang='lat'><strong><em>594</em></strong></span> <span class='ocrx_word' id='word_1_284' title='bbox 865 2801 990 2841; x_wconf 81' lang='grc' dir='ltr'><strong><em>ἀστοῖς</em></strong></span> <span class='ocrx_word' id='word_1_285' title='bbox 1015 2801 1085 2846; x_wconf 82' lang='lat' dir='ltr'>(vel</span> <span class='ocrx_word' id='word_1_286' title='bbox 1112 2800 1200 2843; x_wconf 59' lang='grc' dir='ltr'><strong><em>ἐκεῖ)</em></strong></span> <span class='ocrx_word' id='word_1_287' title='bbox 1225 2800 1265 2834; x_wconf 88' lang='grc' dir='ltr'><strong><em>τὸ</em></strong></span> <span class='ocrx_word' id='word_1_288' title='bbox 1298 2798 1414 2844; x_wconf 73' lang='grc' dir='ltr'><strong><em>μηδὲν</em></strong></span> <span class='ocrx_word' id='word_1_289' title='bbox 1445 2797 1634 2834; x_wconf 80' lang='grc' dir='ltr'><strong><em>κούδένων</em></strong></span> 
     </span>
     <span class='ocr_line' id='line_1_39' title="bbox 107 2851 1634 2898; baseline 0 -10"><span class='ocrx_word' id='word_1_290' title='bbox 107 2854 313 2897; x_wconf 81' lang='lat' dir='ltr'>Hermann,</span> <span class='ocrx_word' id='word_1_291' title='bbox 346 2854 431 2889; x_wconf 75' lang='lat' dir='ltr'>fort.</span> <span class='ocrx_word' id='word_1_292' title='bbox 457 2854 498 2888; x_wconf 84' lang='grc' dir='ltr'><strong><em>τὸ</em></strong></span> <span class='ocrx_word' id='word_1_293' title='bbox 525 2853 640 2898; x_wconf 79' lang='grc' dir='ltr'><strong><em>μηδὲν</em></strong></span> <span class='ocrx_word' id='word_1_294' title='bbox 667 2853 790 2894; x_wconf 84' lang='grc' dir='ltr'><strong><em>ἀστοῖς</em></strong></span> <span class='ocrx_word' id='word_1_295' title='bbox 814 2852 1003 2889; x_wconf 79' lang='grc' dir='ltr'><strong><em>κούδένων</em></strong></span> <span class='ocrx_word' id='word_1_296' title='bbox 1028 2852 1207 2898; x_wconf 79' lang='grc' dir='ltr'><strong><em>(οὐδένων</em></strong></span> <span class='ocrx_word' id='word_1_297' title='bbox 1234 2852 1412 2898; x_wconf 77' lang='lat' dir='ltr'>Scaliger,</span> <span class='ocrx_word' id='word_1_298' title='bbox 1445 2851 1556 2887; x_wconf 78' lang='grc' dir='ltr'><strong><em>οὐδὲν</em></strong></span> <span class='ocrx_word' id='word_1_299' title='bbox 1582 2851 1634 2888; x_wconf 81' lang='grc' dir='ltr'><strong><em>ὢν</em></strong></span> 
     </span>
     <span class='ocr_line' id='line_1_40' title="bbox 107 2905 630 2952; baseline -0.002 -10"><span class='ocrx_word' id='word_1_300' title='bbox 107 2908 198 2952; x_wconf 85' lang='lat' dir='ltr'><strong><em>LP)</em></strong></span> <span class='ocrx_word' id='word_1_301' title='bbox 294 2911 360 2942; x_wconf 76' lang='lat'><strong><em>595</em></strong></span> <span class='ocrx_word' id='word_1_302' title='bbox 387 2905 525 2947; x_wconf 84' lang='grc' dir='ltr'><strong><em>πόλεως</em></strong></span> <span class='ocrx_word' id='word_1_303' title='bbox 550 2907 630 2942; x_wconf 85' lang='lat' dir='ltr'><strong><em>LP</em></strong></span> 
     </span>
    </p>
   </div>
  </div>
 </body>
</html>
