1929 3208
791 147 976 178 MHAEIA
1589 143 1642 184 27

303 253 417 308 ὅμως
451 251 512 295 δ’·
551 252 790 307 ἐρωτηθεὶς
821 254 904 307 γὰρ
937 254 1120 307 αἰσχίων
1152 258 1284 307 φανῇ.

303 330 385 366 νῦν
416 331 495 365 ποῖ
522 324 772 378 τράπωμαι;
803 325 965 377 πότερα
996 324 1106 378 πρὸς
1136 324 1299 376 πατρὸς
1331 324 1514 378 δόμους,

299 395 376 444 οὓς
408 393 478 436 σοὶ
510 396 736 449 προδοῦσα
768 394 839 436 καὶ
872 395 1040 448 πάτραν
1073 394 1315 449 ἀφικόμην;

300 466 323 520 ’ἢ
356 467 466 520 πρὸς
496 468 701 515 ταλαίνας
734 466 973 515 Πελιάδας;
1008 469 1147 514 καλῶς
1179 461 1220 519 γ’
1256 464 1311 506 ἂν
1343 462 1425 507 οὖν

299 536 496 588 δέξαιντό
529 535 572 591 μ’
610 540 746 586 οῖ’κοις
778 533 840 578 ὧν
872 536 1035 590 πατέρα
1067 536 1340 578 κατέκτανον.
1576 548 1643 578 505

299 610 385 662 ἔχει
417 609 500 662 γὰρ
534 608 665 649 οὕτω·
704 615 796 657 τοῖς
827 605 907 662 μὲν
941 611 1122 649 οἴκοθεν
1155 610 1302 661 φίλοις

300 679 439 734 ἐχθρὰ
470 676 724 731 καθέστηχ’,
758 678 836 728 οὓς
867 677 920 719 δέ
948 675 991 732 μ’
1029 678 1107 719 οὐκ
1141 678 1274 732 ἐχρῆν
1305 687 1445 729 κακῶς

299 751 423 804 δρᾶν,
457 747 528 791 σοὶ
560 749 690 803 χάριν
721 748 919 802 φέρουσα
950 750 1185 803 πολεμίους
1218 751 1313 803 ἔχω.

296 821 448 875 τοιγάρ
481 836 532 875 με
564 823 746 870 πολλαῖς
777 821 996 873 μακαρίαν
1029 816 1097 860 ἀν’
1127 818 1315 861 Ἑλλάδα

296 893 459 946 ἔθηκας
490 889 587 932 ἀντὶ
618 891 780 932 τῶνδε·
812 891 1074 944 θαυμαστὸν
1107 890 1158 932 δέ
1188 902 1235 932 σε
1577 903 1644 933 510

298 964 380 1018 ἔχω
412 964 544 1004 πόσιν
575 960 648 1004 καὶ
678 963 835 1003 πιστὸν
866 961 893 1016 ἡ
925 959 1093 1003 τάλαιν’
1131 961 1235 1016 ἐγώ,

299 1034 339 1075 εἰ
368 1033 588 1088 φεύξομαί
614 1048 663 1086 γε
696 1039 826 1086 γαῖαν
860 1030 1174 1086 ἐκβεβλημένη,

297 1107 440 1158 φίλων
474 1106 653 1159 ἔρημος,
688 1105 773 1145 σὺν
805 1102 974 1153 τέκνοις
1005 1105 1118 1158 μόνη
1151 1105 1324 1158 μόνοις,

296 1178 431 1218 καλόν
463 1174 501 1229 γ’
540 1175 713 1225 ὄνειδος
743 1180 802 1231 τῷ
835 1173 993 1216 νεωστὶ
1024 1177 1224 1232 νυμφίῳ,

296 1248 495 1302 πτωχοὺς
526 1246 719 1288 ἀλᾶσθαι
750 1246 912 1296 παῖδας
943 1246 969 1299 ἥ
1002 1242 1040 1287 τ’
1077 1246 1220 1288 ἕσωσά
1252 1257 1312 1287 σε.
1578 1258 1645 1288 515

297 1315 330 1360 ὦ
366 1321 470 1367 Ζεῦ,
504 1319 549 1358 τί
579 1318 632 1371 δὴ
664 1323 833 1371 χρυσοῦ
865 1314 944 1371 μὲν
977 1316 1024 1366 ὃς
1056 1318 1263 1371 κίβδηλος
1295 1311 1322 1372 ἦ

296 1386 490 1443 τεκμήρι’
529 1388 837 1442 ἀνθρώποισιν
870 1389 1047 1437 ὤπασας
1079 1394 1220 1443 σαφῆ,

299 1461 475 1515 ἀνδρῶν
509 1458 549 1501 δ’
588 1460 672 1516 ὅτῳ
705 1460 786 1514 χρὴ
818 1460 896 1501 τὸν
929 1459 1065 1501 κακὸν
1098 1456 1328 1512 διειδέναι,

299 1530 446 1581 οὐδεὶς
477 1531 698 1586 χαρακτὴρ
731 1529 951 1586 ἐμπέφυκε
983 1531 1172 1585 σώματι;

122 1614 209 1652 ΧΟ.
299 1610 423 1664 δεινή
455 1624 521 1658 τις
553 1608 661 1662 ὀργὴ
693 1606 766 1650 καὶ
799 1608 1006 1657 δυσίατος
1036 1607 1177 1662 πέλει,
1578 1620 1645 1651 520

297 1680 403 1722 ὅταν
436 1681 559 1733 φίλοι
591 1680 762 1733 φίλοισι
795 1677 1045 1733 συμβάλωσ’
1085 1680 1190 1734 ἔριν.

119 1761 145 1799 I
151 1762 198 1799 A.
297 1757 366 1798 δεῖ
394 1754 457 1811 μ’,
490 1756 548 1805 ὡς
580 1758 708 1810 ἔοικε,
739 1757 796 1811 μὴ
828 1756 965 1798 κακὸν
998 1761 1137 1810 φῦναι
1168 1755 1325 1810 λέγειν,

297 1824 392 1870 ἀλλ’
428 1828 538 1870 ὥστε
570 1828 676 1877 ναὸς
707 1827 866 1869 κεδνὸν
900 1828 1224 1881 οἰακοστρόφου

299 1900 471 1954 ἄκροισι
506 1901 693 1954 λαίφους
724 1897 986 1953 κρασπέδοις
1016 1898 1313 1955 ὑπεκδραμεῑν

297 1971 377 2025 τὴν
410 1971 492 2025 σὴν
524 1971 787 2025 στόμαργον,
821 1966 854 2011 ὦ
887 1970 1038 2024 γύναι,
1070 1973 1390 2025 γλωσσαλγίαν.
1573 1983 1640 2013 525

297 2041 381 2096 ἐγὼ
415 2040 474 2093 δ’,
508 2041 658 2094 ἐπειδὴ
690 2039 762 2083 καὶ
796 2042 894 2082 λίαν
926 2049 1112 2095 πυργοῖς
1143 2042 1285 2096 χάριν,

214 2240 280 2270 501
308 2235 342 2270 δ’
373 2247 442 2270 om.
465 2235 548 2269 BE
667 2238 734 2268 502
761 2235 900 2278 πατρὸς
925 2246 993 2269 om.
1017 2236 1067 2279 L,
1101 2235 1184 2270 add.
1207 2236 1219 2269 l
1339 2240 1405 2270 503
1433 2234 1638 2282 ἀφικόμην]

119 2287 184 2334 ἅμ’
215 2288 377 2334 ἑσπόμην
402 2289 530 2323 Naber
561 2286 772 2333 ἐφεσπόμην
798 2288 839 2322 R.
862 2287 982 2332 Prinz,
1009 2288 1092 2323 fort.
1121 2287 1323 2336 ἀπῳχόμην
1439 2293 1507 2323 504
1534 2287 1568 2334 γ’
1599 2287 1646 2323 ἂν

121 2340 188 2377 οὖν
221 2343 288 2389 Sb]
327 2341 359 2377 τ’
402 2341 450 2376 ἂν
488 2339 554 2376 οὖν
588 2342 671 2376 ΒΕ
706 2340 751 2375 τὰ
790 2347 858 2376 νῦν
890 2354 913 2376 (ι
1058 2345 1125 2376 505
1158 2341 1286 2386 πατέρ’
1325 2341 1535 2377 ἀπέκτανον
1566 2343 1601 2376 Ε

121 2400 189 2430 506
216 2394 330 2436 οὕτως
355 2395 581 2430 Herwerden
686 2399 753 2430 507
781 2394 860 2441 οὓς]
888 2393 943 2435 οἷς
962 2396 1001 2430 Ε
1105 2399 1172 2430 509
1199 2394 1260 2430 ἀν’
1292 2395 1425 2430 ἑλλάδα
1446 2397 1484 2442 α]
1512 2395 1645 2430 ἑλλάδα

121 2449 353 2484 Herodianus
387 2449 431 2483 de
464 2449 598 2483 schem.
627 2459 684 2494 ap.
704 2448 890 2482 Walzium
916 2448 1001 2483 VIII
1032 2461 1066 2493 p.
1089 2453 1156 2483 590
1190 2451 1227 2483 et
1253 2449 1418 2484 Zonaeus
1444 2449 1493 2484 ib.
1521 2461 1553 2493 p.
1577 2453 1644 2483 679

121 2500 214 2536 καθ’
251 2501 384 2537 ἑλλάδα
405 2503 489 2537 ΒΕ
533 2500 731 2546 ἓλληνίδων
752 2502 820 2537 Sbs
865 2514 948 2536 cum
973 2501 1186 2537 Alexandro
1213 2502 1257 2536 (le
1284 2502 1418 2537 schem.
1447 2502 1494 2536 ib.
1522 2515 1554 2546 p.
1576 2506 1643 2535 451

169 2559 234 2589 511
263 2555 409 2601 πιστὸν]
437 2555 570 2600 σεμνὸν
595 2555 805 2590 Alexander
831 2555 964 2591 σεπτὸν
989 2555 1133 2599 Nauck,
1160 2556 1242 2590 fort.
1271 2556 1404 2590 κεδνὸν
1502 2560 1568 2589 512
1597 2555 1645 2600 εἰ]

122 2607 143 2652 ἣ
164 2607 328 2652 Elmsley
352 2609 356 2654 Ι
379 2621 418 2653 γε
440 2609 470 2642 C
493 2610 531 2642 et
556 2609 633 2643 cod.
656 2608 772 2643 Havn.
793 2608 1012 2655 Herodiani]
1038 2621 1074 2643 τε
1097 2609 1207 2643 ΒΕα
1234 2607 1274 2643 δὲ
1296 2609 1324 2644 S
1417 2613 1484 2642 513
1511 2606 1644 2653 φίλων]

122 2659 246 2705 δόμων
271 2660 503 2696 Herodianus
537 2664 574 2696 el:
600 2663 765 2697 Zonaeus
800 2664 804 2707 Ι
839 2661 967 2707 μόνοις
999 2661 1092 2707 μόνη
1124 2665 1290 2696 Zonaeus
1323 2664 1361 2695 et
1386 2660 1473 2695 libri
1501 2660 1645 2705 aliquot

121 2713 326 2749 Herodiani
476 2718 543 2749 514
574 2717 623 2761 τῷ
652 2736 693 2740 -
722 2714 868 2763 νυμφίῳ
894 2716 994 2762 aPl]
1031 2722 1104 2750 τῶν
1133 2737 1172 2740 —
1202 2713 1372 2758 νυμφίων
1393 2714 1476 2748 ΒΕ
1511 2716 1538 2757 (ι
1577 2715 1644 2747 sub

122 2769 278 2812 utroque
306 2780 332 2801 ω
359 2778 426 2801 scr.
448 2769 481 2812 b)
501 2768 534 2802 L
644 2772 711 2802 516
744 2765 782 2815 ᾗ]
808 2764 855 2813 ἦν
881 2768 1048 2804 Clemens
1076 2768 1272 2803 Alexandr.
1301 2769 1424 2802 strom.
1445 2767 1495 2801 VI
1520 2780 1554 2812 p.
1577 2771 1644 2801 265

122 2840 160 2873 et
198 2838 379 2873 Stobaeus
418 2837 450 2871 fl.
473 2841 511 2881 2,
542 2842 581 2872 16
729 2843 796 2873 518
835 2834 901 2884 χρῆ
929 2840 968 2874 Ε
1003 2839 1070 2884 χρὴ
1101 2840 1155 2873 El
1199 2825 1290 2883 χρῆν
1329 2837 1395 2882 (sic
1427 2850 1473 2872 m.
1503 2840 1537 2883 1)
1564 2839 1598 2872 L

124 2895 191 2925 523
218 2892 308 2932 ναὸς
328 2892 363 2925 Β
390 2905 410 2936 η
439 2902 516 2936 sup.
539 2905 562 2925 α
589 2904 654 2926 scr.
679 2892 730 2925 B¹
757 2896 844 2936 (non
864 2894 898 2936 b)
929 2892 1013 2937 νηὸς
1033 2892 1061 2927 S
