1929 3208
706 1035 979 1096 εΥπόθεσις.

200 1177 406 1232 Κρέουσαν
443 1179 515 1230 τὴν
550 1175 764 1232 Ἐρεχθέως
798 1175 995 1218 Ἀπόλλων
1034 1179 1206 1232 φθείρας
1246 1177 1387 1231 ἔγκυον
1427 1178 1611 1230 ἐποίησεν

82 1237 124 1278 ἐν
152 1234 358 1290 Ἀθήναις·
396 1237 420 1290 ἣ
461 1237 501 1278 δὲ
539 1239 580 1278 τὸ
617 1237 812 1292 γεννηθὲν
849 1238 927 1278 ὑπὸ
964 1237 1037 1289 τὴν
1069 1237 1282 1290 ἀκρόπολιν
1320 1236 1502 1289 ἐξέθηκε,
1541 1238 1608 1277 τὸν

82 1297 202 1338 αὐτὸν
232 1298 353 1337 τόπον
384 1297 449 1337 καὶ
480 1305 549 1338 τοῦ
581 1297 820 1349 ἀδικήματος
851 1297 915 1336 καὶ
947 1305 1015 1349 τῆς
1047 1298 1195 1349 λοχείας
1223 1297 1397 1350 μάρτυρα
1423 1299 1610 1349 λαβοῦσα.

81 1357 123 1396 τὸ
149 1355 220 1409 μὲν
246 1352 318 1396 οὗν
344 1356 490 1410 βρέφος
510 1353 660 1410 Ἑρμῆς
685 1356 916 1407 ἀνελόμενος
941 1357 995 1403 εἰς
1021 1356 1204 1407 Δελφοὺς
1230 1355 1410 1409 ἤνεγκεν
1437 1357 1608 1409 εὑροῦσα

83 1412 120 1455 δ’
160 1414 185 1467 ἡ
223 1423 418 1469 προφῆτις
456 1415 666 1467 ἀνέθρεψε.
726 1416 798 1468 τὴν
830 1415 1035 1469 Κρέουσαν
1074 1414 1115 1455 δὲ
1146 1414 1305 1463 Ξοῦθος
1337 1415 1469 1468 ἔγημε·
1515 1428 1612 1467 συμ-

83 1475 258 1527 μαχήσας
294 1476 366 1529 γὰρ
400 1472 631 1527 Ἀθηναίοις
669 1475 740 1527 τὴν
777 1476 977 1528 βασιλείαν
1013 1474 1078 1514 καὶ
1115 1474 1183 1514 τὸν
1221 1482 1291 1527 τῆς
1328 1474 1614 1528 προειρημένης

82 1535 208 1587 γάμον
245 1534 356 1587 ἔλαβε
394 1536 533 1588 δῶρον.
594 1535 717 1591 τούτῳ
755 1533 825 1586 μὲν
864 1530 936 1574 οὖν
974 1533 1088 1582 ἄλλος
1119 1537 1212 1581 παῖς
1243 1534 1316 1573 οὐκ
1347 1533 1512 1587 ἐγένετο·
1546 1535 1612 1574 τὸν

84 1589 120 1632 δ’
155 1592 392 1646 ε’κτραφέντα
429 1594 506 1633 ὑπὸ
544 1601 612 1646 τῆς
648 1595 894 1647 προφήτιὸος
932 1595 972 1633 οἵ
1000 1593 1148 1645 Δελφοὶ
1182 1593 1379 1647 νεωκόρον
1411 1593 1610 1646 ἐποίησαν.

83 1651 104 1692 ὃ
136 1651 177 1692 δὲ
209 1652 364 1706 ἀγνοῶν
395 1653 599 1693 ἐδούλευσε
630 1657 683 1708 τῷ
714 1654 833 1706 πατρί
862 1685 1160 1692 ........

200 1710 226 1763 ’ἡ
258 1712 382 1764 σκηνὴ
414 1720 483 1752 τοῦ
515 1713 708 1766 δράματος
740 1712 940 1752 ὑπόκειται
972 1711 1014 1751 ἕν
1046 1715 1229 1763 Δελφοῖς.

177 1867 256 1903 Lin.
279 1872 296 1902 1
325 1867 457 1914 ἔγγυον
484 1869 520 1902 Ρ
616 1872 658 1903 10
686 1869 797 1904 verba
822 1869 844 1914 ἡ
872 1869 987 1914 σκηνὴ
1015 1898 1021 1904 .
1052 1897 1058 1903 .
1086 1871 1237 1914 ὃελφοῖς
1261 1870 1346 1914 posi:
1371 1880 1612 1914 personarum

84 1920 246 1956 indicem
270 1921 447 1966 leguntur
472 1921 509 1956 in
537 1923 623 1956 LP.
