1929 3208
274 1118 315 1156 Χ
317 1119 364 1157 0.

270 1259 361 1299 EA.

270 1473 374 1513 ME.

271 1615 362 1654 EA.

271 1758 324 1796 M
325 1758 370 1796 E.

272 1900 364 1938 EA.

270 2041 372 2080 ME.

272 2419 375 2466 βείας
403 2448 409 2455 .

905 156 1172 190 ΕΥΡΙΠΙΔΟΥ

452 264 478 304 ἶέ
509 280 596 318 μου
629 261 976 314 καθικετεύσατ’,
1011 261 1115 306 οὐδὲ
1147 265 1290 321 μωρία

453 336 698 389 ξύμβουλος
730 336 884 390 ἔσομαι
917 341 968 390 τῇ
1000 337 1268 389 κασιγνήτου
1300 335 1414 378 ποτέ.

453 405 664 459 εὐεργετῶ
697 406 780 459 γὰρ
814 413 964 447 κεῖνον
997 406 1050 447 οὐ
1083 405 1261 448 δοκοῦσ’
1301 406 1430 461 ὅμως,
1712 419 1798 449 1020

453 476 498 518 ἐκ
532 478 790 531 δυσσεβείας
822 477 947 519 ὅσιον
980 478 1020 519 εἰ
1050 479 1208 532 τίθημί
1235 493 1321 518 νιν.

449 546 574 589 αὐτοὶ
607 545 687 601 μὲν
721 544 803 589 οὖν
835 546 917 589 τιν’
955 548 1110 598 ἐξοδόν
1142 546 1182 602 γ’
1221 548 1455 603 εὑρίσκετε,

450 618 532 672 ἐγὼ
568 615 608 660 δ’
645 617 854 660 (ἑποστᾶσ’
892 618 1091 661 ἐκποδὼν
1125 621 1373 674 σιγήσομαι.

455 689 499 731 ἐκ
533 696 620 730 τῶν
651 695 772 732 θεῶν
806 687 846 731 δ’
883 691 1073 744 ἄρχεσθε
1106 690 1344 744 χὶκετεύετε

450 761 528 814 τὴν
561 760 641 815 μέν
674 760 713 802 σ’
751 760 875 803 ε’ἄσαι
907 762 1096 814 πατρίδα
1129 767 1339 815 νοστῆσαι
1372 761 1566 816 Κύπριν,
1710 772 1800 803 1025

438 830 577 886 ’Ἡρας
610 831 657 873 δὲ
691 833 770 886 τὴν
803 834 982 874 ἔννοιαν
1016 831 1063 874 ἐν
1095 832 1236 889 ταύτῷ
1270 830 1418 886 μένειν

449 901 503 955 ἣν
537 902 579 951 ἐς
611 901 657 944 σὲ
691 902 762 945 καὶ
795 904 876 946 σὸν
908 905 1039 946 πόσιν
1072 905 1158 958 ἔχει
1191 905 1418 958 σωτηρίας.

449 975 504 1015 σὺ
538 971 598 1027 δ’,
631 971 664 1015 ὦ
696 975 854 1016 θανών
885 991 960 1028 μοι
992 975 1142 1029 πάτερ,
1175 975 1283 1017 ὅσον
1316 972 1355 1028 γ’
1394 974 1478 1028 ἐγὼ
1512 973 1675 1027 σθένω,

450 1044 609 1087 οὔποτε
643 1046 829 1101 κεκλήσῃ
864 1045 1081 1099 δυσσεβὴς
1113 1041 1205 1086 ἀντ’
1243 1045 1464 1099 εὐσεβοῦς.

454 1116 600 1165 οὐδείς
631 1114 724 1158 ποτ’
763 1116 1010 1171 ηὐτύχησεν
1043 1117 1213 1166 ἔκδικος
1244 1117 1397 1170 γεγώς,
1710 1127 1800 1157 1030

454 1186 501 1227 ἐν
534 1192 592 1244 τῷ
627 1188 781 1244 δικαίῳ
817 1185 855 1229 δ’
895 1187 1066 1237 ἐλπίδες
1099 1189 1325 1242 σωτηρίας.

448 1257 664 1311 Mfflre'kae,
696 1259 806 1311 πρὸς
837 1255 917 1312 μὲν
949 1257 1178 1312 παρθένου
1212 1259 1461 1312 σεσώμεθα·

447 1328 692 1371 τούνθένδε
727 1329 780 1382 δὴ
814 1326 862 1371 σὲ
894 1330 997 1378 τοὺς
1030 1331 1189 1382 λόγους
1221 1327 1414 1382 φέροντα
1447 1329 1528 1384 χρὴ

447 1399 604 1453 κοινὴν
638 1399 873 1449 ξυνάπτειν
906 1400 1107 1454 μηχανὴν
1140 1401 1368 1454 σωτηρίας.

452 1472 584 1513 ἄκουε
618 1472 672 1525 δή
704 1484 807 1513 νυν·
840 1473 1017 1526 χρόνιος
1048 1467 1090 1512 εἶ
1118 1471 1227 1512 κατὰ
1260 1469 1414 1524 στέγας
1711 1483 1801 1514 1035

450 1540 520 1583 καὶ
554 1542 860 1596 συντέθραψαι
892 1543 1184 1595 προσπόλοισι
1216 1539 1439 1595 βασιλέως.

446 1610 494 1654 ’τί
521 1609 639 1655 τοῦτ’
676 1613 841 1663 ε’λεξας;
876 1611 1075 1668 ἐσφέρεις
1107 1613 1190 1667 γὰρ
1224 1612 1403 1661 ἐλπίδας

447 1685 505 1734 ὡς
538 1687 591 1738 δή
623 1699 664 1725 τι
698 1685 872 1739 δράσων
903 1685 1096 1739 χρηστὸν
1128 1683 1171 1733 ἐς
1202 1685 1357 1726 κοινόν
1388 1699 1436 1738 γε
1470 1685 1574 1741 νςόν.

445 1758 637 1805 πείσειας
668 1756 723 1797 ἄν
754 1754 838 1797 τιν’
877 1755 1035 1805 οἵτινες
1067 1756 1342 1811 τετραζύγων

449 1828 564 1881 ὄχων
597 1824 855 1879 ἀνάσσουσ’,
889 1827 998 1868 ὥστε
1030 1832 1123 1882 νῷν
1157 1827 1315 1868 δοῦναι
1348 1826 1558 1880 δίφρους;
1710 1837 1800 1868 1040

450 1893 644 1952 πείσαιμ’
682 1898 753 1938 ἄν·
787 1897 896 1939 ἀλλὰ
928 1899 1026 1939 τίνα
1059 1898 1209 1951 φυγὴν
1243 1896 1528 1951 φευξούμεθα

446 1968 612 2010 πεδίων
645 1968 816 2021 ἄπειροι
849 1968 1079 2022 βαρβάρου
1110 1965 1147 2009 τ’
1185 1969 1309 2018 ὄντες
1343 1970 1527 2024 χθονός;

447 2039 669 2080 ἀδύνατον
702 2035 836 2088 εἶπας.
899 2037 1021 2092 φέρε,
1052 2040 1098 2080 τί
1127 2036 1186 2092 δ’,
1219 2039 1259 2080 εἰ
1288 2037 1508 2094 κρυφθεὶς
1539 2039 1694 2094 δόμοις

449 2107 645 2165 κτάνοιμ’
683 2111 848 2151 ἄνακτα
879 2110 991 2166 τῷδε
1025 2111 1218 2166 διστόμῳ
1251 2109 1384 2164 ξίφει;

446 2181 526 2222 οὐκ
559 2182 613 2222 ἄν
646 2179 685 2222 σ’
721 2178 942 2235 ἀνάσχοιτ’
980 2177 1085 2222 οὐδὲ
1117 2182 1340 2235 σιγήσειεν
1372 2179 1428 2222 ἂν
1705 2191 1795 2222 1045

449 2250 648 2305 μέλλοντ’
687 2251 857 2306 ἀδελφὴ
893 2252 1116 2305 σύγγονον
1148 2258 1439 2293 κατακτενεῖν.

370 2371 460 2401 1018
487 2367 526 2413 ίέ]
553 2367 637 2402 fort.
667 2366 686 2402 ὅ
809 2371 898 2402 1019
925 2368 984 2414 τῇ]
1011 2367 1172 2411 Dobme,
1202 2373 1267 2401 τοῦ
1294 2366 1371 2402 LG
1494 2370 1581 2400 1021
1611 2366 1650 2401 ἐκ
1676 2367 1800 2401 δυσσε-

439 2449 444 2454 .
473 2434 505 2455 vt
516 2422 549 2467 v]
576 2421 757 2464 Brodeau,
785 2420 821 2462 ἐξ
849 2419 1033 2466 εὐσεβείας
1061 2450 1065 2455 .
1096 2448 1102 2454 .
1130 2425 1198 2455 νῦν
1217 2420 1296 2455 LG
1395 2423 1483 2454 1022
1509 2418 1600 2466 τιν’]
1626 2419 1704 2463 Fix,
1733 2419 1801 2464 τὴν

271 2474 349 2508 LG
372 2476 376 2518 Ι
399 2472 576 2517 εὑρίσκετ’
608 2473 737 2515 ἔξοδόν
762 2487 846 2508 τινα
871 2473 1058 2507 Hermann
1182 2477 1273 2508 1024
1299 2474 1362 2508 καὶ
1389 2473 1565 2507 ἱκετεύετε
1591 2474 1637 2516 L,
1663 2471 1696 2518 χ’
1727 2472 1799 2507 ἱκε-

270 2527 389 2561 τεύετε
411 2528 465 2561 IG
564 2531 654 2561 1026
681 2527 832 2561 εὔνοιαν
859 2529 899 2560 ut
926 2526 996 2561 vid.
1022 2527 1065 2570 G,
1093 2526 1242 2561 ἔννοιαν
1267 2539 1290 2572 {J
1388 2530 1479 2560 1030
1507 2526 1703 2571 εὐτύχησεν
1721 2525 1799 2560 LG

368 2584 458 2613 1032
480 2581 693 2624 σεσώσμεθα
714 2580 792 2615 LG
873 2583 965 2613 1034
984 2585 1090 2625 κοινῇ
1111 2579 1282 2625 Lenting,
1303 2580 1385 2614 forb.
1408 2580 1558 2619 κοινοὺς
1642 2583 1732 2614 1035
1753 2579 1799 2624 δὴ

271 2639 340 2668 νῦν
360 2634 394 2667 L
406 2634 439 2668 G

514 2637 604 2667 1038
625 2633 780 2678 χρηστὸν
803 2663 808 2667 .
832 2662 838 2667 .
861 2633 951 2679 νῷν]
971 2631 1193 2676 προσπόλοις
1211 2633 1451 2677 κοινούμενος
1470 2632 1507 2666 Ε.
1532 2632 1598 2666 Gu.
1621 2631 1798 2675 Schmidt,

274 2686 356 2720 fort.
390 2685 608 2729 προσπόλων
640 2684 818 2734 κοινωνίᾳ
942 2689 1028 2719 1041
1058 2684 1220 2731 πείσαιμ’
1255 2686 1317 2732 ἄν]
1345 2686 1495 2728 Cantor,
1528 2683 1691 2729 πείσαιμ’
1721 2685 1799 2720 LG

368 2743 456 2773 1042
495 2738 633 2774 πεδίων
661 2769 667 2774 .
697 2769 702 2774 .
731 2738 784 2785 τ’]
824 2739 882 2773 ἐπὶ
921 2738 1048 2782 τῶνδ’,
1075 2765 1080 2771 .
1113 2769 1118 2775 .
1146 2737 1179 2785 γ’
1217 2740 1255 2774 F.
1283 2738 1350 2774 Gu.
1380 2738 1548 2773 Schmidt
1588 2739 1592 2784 Ι
1633 2737 1739 2778 ὄντος
1765 2738 1800 2772 G

365 2796 454 2826 1043
486 2795 573 2826 ME.
607 2792 796 2826 ἀδύνατον
829 2789 949 2837 εἶπας]
981 2792 1182 2836 Matthiae,
1215 2792 1404 2827 ἀδύνατον
1437 2789 1553 2831 εἶπας.
1593 2793 1682 2826 ΜΕ.
1708 2790 1797 2825 LG.

270 2846 367 2880 Fort.
390 2843 495 2880 εἷπον
576 2850 666 2880 1045
688 2845 734 2881 ἄν
762 2844 815 2892 σ’]
836 2845 979 2889 Portus,
1006 2844 1053 2880 ἂν
1073 2846 1151 2880 LG
1236 2849 1326 2879 1046
1352 2844 1608 2890 κατακτενεῖν]
1628 2843 1798 2888 Dindorf,

270 2905 514 2934 κατακτανεῖν
542 2900 575 2934 L
588 2899 620 2934 G-
1773 2903 1776 2906 “
