1929 3208
243 153 292 192 1ο
870 157 1137 189 ιςΤιῚιιιΔοΤ

244 264 322 303 ΤΡ.
416 260 484 303 καὶ
520 260 640 303 ταῦτ’
676 260 830 303 Ἰάσων
862 264 1022 312 παῖδας
1055 263 1295 314 ἐξανίξεται

417 333 682 386 πάσχοντας,
716 334 756 374 ει*
785 333 852 374 καὶ
889 332 1017 388 μητρὶ
1053 335 1274 387 διαφορὰν
1307 337 1411 390 ἔχεις
1719 351 1760 381 75»

245 406 363 444 11.·{1.
415 405 574 445 παλαια
609 411 772 445 καινῶν
806 405 996 445 λείπεται
1029 405 1329 459 κηδευμάτων,

416 475 523 515 κούκ
556 473 641 516 ἔστ’
680 475 846 524 ἐκεῖνος
877 477 1023 517 τοῖσδε
1057 476 1257 530 δώμασιν
1289 478 1428 531 φίλος.

243 548 321 587 ΤΡ.
414 542 698 599 ἀπωλόμεσθ’
735 545 822 599 ἄρ’,
856 547 897 587 εἰ
926 548 1062 588 κακὸν
1094 549 1391 602 προσοίσομεν

415 616 518 658 νέον
550 619 735 673 παλαιῷ,
768 615 873 671 πρὶν
904 614 996 660 τόδ’
1034 617 1352 673 ἐξηντληκέναι.

243 691 362 729 ΙΙΑΙ.
415 687 521 740 ἀτὰρ
555 688 610 729 σύ
643 683 704 741 γ’·
737 687 791 729 οὐ
824 689 906 742 γὰρ
939 690 1090 743 καιρὸς
1121 688 1287 732 εἰδέναι
1318 691 1418 733 τόδε
1718 705 1762 736 80

417 758 673 801 δέσποιναν·
707 758 891 813 ἡσύχαζε
923 758 992 801 καὶ
1029 762 1128 814 σίγα
1162 762 1305 815 λόγον.

245 834 322 871 ΤΡ.
416 827 449 872 ὦ
483 826 615 878 τέκν’,
649 829 829 872 ἀκούεθ’
868 825 961 880 οἷος
993 832 1054 881 εἰς
1086 831 1198 886 ὑμᾶς
1228 835 1389 887 πατήρ;

416 903 562 943 ὄλοιτο
596 899 676 956 μὲν
708 904 784 956 μή·
819 903 1031 957 δεσπότης
1063 904 1146 957 γάρ
1179 902 1265 945 ἐστ’
1302 903 1419 959 ἐμός·

416 973 523 1026 ἀτὰρ
556 975 684 1022 κακός
718 971 756 1026 γ’
795 973 858 1015 ὢν
891 973 934 1023 ἐς
966 977 1124 1026 φίλους
1156 974 1389 1017 ἁλίσκεται.

238 1047 361 1086 ΠΑΙ.
413 1046 477 1093 τίς
509 1042 548 1085 δ’
586 1042 685 1098 οὐχὶ
717 1048 918 1098 θνητῶν;
950 1045 1048 1098 ἄρτι
1081 1046 1339 1099 γιγνώσκεις
1370 1049 1492 1102 τόδε,
1719 1060 1763 1092 85

415 1116 474 1165 ὡς
505 1121 587 1165 πᾶς
618 1131 683 1165 τις
715 1115 850 1157 αὑτὸν
881 1121 961 1158 τοῦ
992 1116 1127 1166 πέλας
1158 1120 1326 1171 μᾶλλον
1357 1122 1498 1173 φιλεῖ,

418 1189 482 1240 [οἳ
511 1184 591 1241 μὲν
626 1188 825 1239 δικαίως,
858 1189 905 1229 οἳ
934 1186 981 1229 δὲ
1013 1186 1084 1230 καὶ
1117 1187 1302 1243 κέρδους
1333 1189 1495 1243 χάριν,]

416 1259 456 1300 εἰ
485 1259 644 1300 τούσδε
678 1254 718 1312 γ’
753 1258 884 1312 εὐνῆς
916 1257 1046 1301 εἵνεκ’
1086 1259 1139 1301 οὐ
1171 1258 1342 1315 στέργει
1373 1263 1526 1317 πατήρ.

243 1333 322 1371 ΤΡ.
416 1328 491 1371 ἴτ’·
524 1326 574 1371 εὖ
607 1330 689 1385 γὰρ
723 1330 859 1371 ἔσται·
893 1330 1107 1384 δωμάτων
1139 1332 1246 1385 ἔσω,
1276 1330 1416 1373 τέκνα.

414 1402 470 1442 σὺ
504 1399 542 1442 δ’
581 1401 640 1450 ὡς
671 1401 857 1454 μάλιστα
889 1399 1041 1442 τούσδ’
1079 1401 1307 1455 ἐρημώσας
1339 1404 1406 1457 ἔχε
1719 1416 1764 1447 90

416 1471 487 1513 καὶ
520 1473 578 1526 μὴ
610 1470 763 1523 πέλαζε
795 1471 925 1527 μητρὶ
959 1471 1321 1529 δυσθυμουμένῃ.

414 1545 498 1598 «ἤδη
531 1543 615 1597 γὰρ
649 1540 770 1585 εἶδον
803 1544 920 1597 ὄμμα
952 1559 1024 1585 νιν
1055 1544 1365 1598 ταυρουμένην

414 1613 577 1669 τοῖσδ’,
609 1615 667 1663 ὥς
698 1630 739 1655 τι
772 1615 1084 1669 δρασείουσαν·
1118 1613 1223 1657 οὐδὲ
1256 1617 1468 1659 παύσεται

415 1689 564 1742 χόλου,
597 1684 699 1740 σάφ’
737 1683 853 1739 οἶδα,
885 1685 990 1741 πρὶν
1022 1689 1302 1741 κατασκῆψαί
1329 1704 1439 1729 τινα.

416 1758 606 1812 ἐχθρούς
638 1773 686 1811 γε
719 1755 882 1811 μέντοι,
916 1757 972 1811 μὴ
1007 1759 1180 1811 φίλους,
1213 1758 1391 1813 δράσειε
1419 1775 1471 1801 τι.
1719 1773 1762 1803 95

425 1885 460 1900 ,Ι
902 1853 1097 1884 ΜΗΔΕΙΑ.

416 1900 482 1940 ιω,

416 1953 632 2003 δύστανος
666 1953 749 2007 ε’γὼ
782 1952 911 2008 μελέα
943 1969 988 1995 τε
1021 1954 1185 2005 πόνων,

333 2084 376 2113 74
402 2093 581 2125 personae
602 2084 730 2116 notam
751 2094 819 2118 om.
835 2083 881 2125 L,
909 2082 992 2116 add.
1015 2084 1027 2117 l
1049 2083 1053 2128 Ι
1076 2080 1300 2128 ἐξανέξεται]
1327 2081 1495 2125 ἀνέξεται
1510 2084 1549 2118 Ε
1623 2088 1664 2118 77
1693 2086 1763 2120 δώ-

237 2144 347 2175 μασιν
368 2134 412 2180 S]
439 2136 580 2180 δώμασι
601 2149 620 2171 r
642 2137 646 2182 Ι
670 2136 792 2171 ἐκεῖνα
820 2157 863 2161 -
891 2134 981 2180 φίλα
1007 2135 1187 2170 Tournier
1292 2139 1334 2170 78
1361 2135 1576 2181 ἀπωλόμεθ’
1607 2140 1696 2172 mut.
1725 2137 1763 2172 in

236 2185 471 2231 ἀπωλόμεσθ’
496 2190 530 2224 L
553 2192 557 2234 Ι
581 2186 638 2233 ἆρ’
665 2190 704 2223 Ε
801 2192 843 2222 79
869 2187 1014 2223 παλαίω
1036 2188 1163 2223 Bsin
1198 2197 1214 2218 *x
1243 2190 1333 2223 mut.
1353 2190 1388 2223 Β
1404 2189 1414 2209 ¹
1511 2194 1556 2224 80
1581 2190 1671 2225 τάδε
1691 2191 1720 2226 S

237 2242 280 2272 82
314 2239 410 2284 ἡμᾶς
436 2242 464 2276 S
563 2246 607 2276 84
640 2241 753 2282 κακός
785 2241 818 2288 γ’
857 2243 899 2289 S]
933 2242 1045 2282 κακὸς
1070 2254 1089 2277 2·
1186 2246 1230 2276 85
1265 2243 1455 2288 γινώσκεις
1474 2243 1588 2278 ΒΕα
1619 2257 1673 2289 γρ.
1700 2245 1764 2279 καὶ

236 2294 405 2336 γινώσκει
419 2295 474 2329 Β1
500 2297 716 2341 γιγνώσκει*
735 2298 824 2331 mut.
846 2296 885 2330 in
906 2297 1118 2342 γιγνώσκεις
1131 2296 1165 2330 L
1191 2296 1359 2340 γινώσκει
1375 2296 1411 2329 Ρ
1435 2295 1588 2330 dubium
1608 2298 1732 2331 utrum
1747 2311 1764 2338 ς

236 2346 437 2382 rescribere
464 2360 509 2383 an
538 2349 660 2385 delere
687 2349 845 2384 voluerit
870 2350 928 2393 αἳ,
955 2349 1019 2393 qui
1045 2361 1223 2394 superscr.
1245 2350 1308 2383 καὶ
1333 2349 1442 2394 χωρὶς
1464 2355 1528 2384 τοῦ
1547 2353 1570 2384 ὃ
1590 2351 1652 2385 καὶ
1673 2350 1763 2395 μετὰ

237 2405 301 2434 τοῦ
327 2405 358 2436 ὃ.
400 2403 530 2437 schoL:
560 2404 594 2438 οἱ
621 2403 661 2438 δὲ
688 2405 924 2448 ὑποκριταὶ..
942 2401 1220 2448 ,μετατιθέασιν
1247 2403 1298 2442 εἰς
1323 2402 1363 2437 τὸ
1391 2401 1466 2446 „rig
1493 2402 1530 2437 δ’
1560 2404 1641 2449 οὐχὶ
1666 2406 1762 2449 θνη-

236 2459 307 2487 τῶν
332 2460 440 2489 τοῦτο
468 2457 636 2500 γινώσκει
664 2459 830 2501 σαφῶςςίί
917 2461 961 2491 86
988 2463 1060 2491 τῶν
1086 2455 1198 2495 πέλας
1224 2455 1386 2499 Elmsley
1475 2460 1516 2490 87
1545 2457 1764 2502 proscripsit

235 2506 394 2541 Brunck.
458 2509 589 2544 schol.:
630 2508 897 2556 <σεσημείωται
937 2509 1019 2556 ὅτι)
1057 2509 1226 2553 περισσὸς
1266 2509 1285 2543 ὁ
1318 2508 1438 2554 στίχος
1469 2508 1699 2554 πρόσκειται,
1743 2511 1762 2546 ὁ

235 2560 302 2604 τὴν
329 2560 593 2607 ἐπεξεργασίαν
618 2562 809 2609 περιέχων,
836 2564 897 2597 καὶ
926 2562 980 2598 ὅτι
1006 2561 1251 2607 προκειμένου
1278 2561 1402 2597 ἑνικοῦ
1428 2568 1492 2597 τοῦ
1512 2561 1566 2603 τίς
1587 2563 1762 2609 ἐπήνεγκε

236 2614 275 2647 τὸ
303 2614 337 2648 οἱ
364 2613 440 2658 μέν.
493 2620 548 2651 87.
576 2619 620 2651 88
647 2616 790 2661 spurios
818 2618 943 2651 censet
968 2617 1141 2661 Hal-tung
1165 2615 1242 2660 Iph.
1270 2615 1353 2650 Aul.
1380 2628 1412 2660 p.
1435 2620 1479 2650 46
1584 2620 1627 2651 88
1655 2617 1763 2662 εὐνῆς

237 2670 339 2712 (ευνη
366 2668 404 2702 in
431 2681 501 2704 ras.
531 2681 596 2704 scr.
624 2682 670 2704 m.
694 2672 728 2711 1)
749 2671 784 2704 Β
807 2672 811 2714 Ι
835 2668 966 2716 εἵνεκ’]
994 2668 1116 2704 οὕνεκ’
1147 2668 1234 2703 libri
1261 2667 1397 2713 (οὕνεκ’
1421 2670 1471 2714 Β)
1611 2674 1654 2705 89
1680 2681 1762 2715 per-

236 2732 349 2755 sonae
373 2724 501 2757 nobam
528 2735 597 2758 om.
619 2724 659 2757 E
679 2725 682 2769 Ι
707 2723 773 2757 ἔσω
794 2724 891 2769 BE]
918 2723 1001 2757 εἴσω
1021 2735 1040 2758 r
1117 2726 1160 2756 90
1187 2724 1273 2757 ante
1299 2735 1330 2756 v.
1357 2735 1436 2765 πρε.
1463 2723 1501 2757 in
1528 2735 1551 2758 a
1573 2725 1577 2768 Ι
1600 2723 1644 2758 σύ
1667 2721 1713 2757 θ’
1737 2723 1766 2758 S

239 2786 242 2814 Ι
266 2785 478 2829 ἐρημώσασ*
499 2789 539 2823 Ε
563 2787 767 2833 ἐρημώσασ’
791 2788 852 2822 Ε1
878 2787 950 2833 ἔχει
971 2788 1011 2822 Ε
1088 2792 1131 2822 92
1157 2776 1413 2833 ταυροῗμεν**
1432 2790 1522 2823 mut.
1544 2788 1582 2822 in
1603 2800 1760 2831 ταυρου-

236 2838 350 2883 μένην
376 2841 410 2874 L
532 2846 576 2875 94
614 2843 713 2888 τινα]
752 2855 825 2876 τινι
856 2841 1048 2875 Blomfield
1172 2845 1215 2875 96
1254 2842 1296 2876 ἰώ
1329 2852 1420 2876 eras.
1454 2841 1491 2875 in
1518 2842 1553 2876 L
1585 2836 1612 2875 ὦ
1646 2840 1758 2876 schol.

236 2892 423 2938 Aristoph.
450 2895 534 2929 Pac.
558 2900 647 2929 1012
677 2898 681 2939 Ι
710 2896 891 2935 δύστανος
911 2895 993 2941 Εα]
1021 2894 1199 2939 δύστηνος
1218 2908 1236 2930 r
