1929 3208
790 156 875 190 ΙῼΝ
1537 153 1594 194 45

280 265 335 308 οὐ
366 266 450 320 γὰρ
484 266 634 320 δόμων
665 261 706 319 γ’
743 263 918 318 ἑτέρους

279 338 494 391 ἄρχοντας
526 335 802 384 ἀλλοδαποὺς
1502 345 1593 375 1070

282 407 393 458 ζῶσά
424 404 521 448 ποτ’
559 406 765 461 ὀμμάτων
797 405 846 447 ἐν
877 413 1090 460 φαενναῖς

279 475 465 532 ἀνέχοιτ’
504 476 559 518 ἂν
590 476 744 531 αὐγαῖς

278 549 304 590 c‘c
336 555 424 590 τῶν
457 548 724 603 εὐπατριδᾶν
755 545 912 602 γεγῶσ’
951 551 1097 589 οἴκων.

280 660 540 715 αἰσχύνομαι
573 661 652 701 τὸν
683 661 941 714 πολύυμνον
1371 660 1534 714 stroph.

278 733 402 784 θεόν,
435 733 476 773 εἰ
505 732 622 785 παρὰ
654 732 954 786 καλλιχόροισι
986 737 1149 784 παγαῖς
1504 742 1593 771 1075

278 802 482 857 λαμπάδα
514 802 686 855 θεωρὸς
718 801 906 843 εἰκάδων

278 875 428 924 ὄψεται
461 872 664 927 ἐννύχιος
695 873 861 922 ἄυπνος
895 873 971 926 ὤν,

279 945 349 987 ὅτε
382 942 454 986 καὶ
486 943 598 993 Διὸς
629 943 877 998 ἀστερωπὸς

276 1015 568 1070 ἀνεχόρευσεν
601 1015 751 1070 αἰθήρ,

279 1086 451 1142 χορεύει
485 1082 532 1126 δὲ
567 1085 728 1126 σελάνα
1503 1096 1593 1126 1080

278 1156 351 1200 καὶ
382 1157 652 1210 πεντήκοντα
684 1157 811 1211 κόραι

277 1227 452 1283 Νηρέος
484 1227 533 1268 αἱ
560 1227 667 1269 κατὰ
698 1229 863 1270 πόντον

278 1300 449 1341 ἀενάων
479 1314 525 1340 τε
557 1305 766 1353 ποταμῶν

279 1371 404 1420 δίνας
435 1370 723 1425 χορευόμεναι

276 1442 357 1483 τὰν
387 1438 751 1496 χρυσοστέφανον
783 1443 919 1496 κόραν
1056 1472 1058 1474 -
1499 1450 1588 1481 1085

277 1511 348 1554 καὶ
380 1511 544 1567 ματέρα
577 1512 762 1566 σεμνάν·

277 1580 334 1625 ἵν’
371 1583 530 1634 ἐλπίζει
561 1584 843 1637 βασιλεύσειν

275 1656 421 1696 ἄλλων
453 1656 591 1696 πόνον
623 1653 820 1696 ἐσπεσὼν

276 1725 298 1768 ὁ
335 1727 539 1780 Φοίβειος
570 1725 738 1776 ἀλάτας.

277 1835 406 1893 ὁρᾶθ’
443 1838 541 1880 ὅσοι
574 1839 914 1880 δυσκελάδοισιν
1270 1839 1436 1879 antistr.
1501 1850 1591 1879 1090

273 1910 380 1951 κατὰ
412 1916 583 1964 μοῦσαν
616 1911 755 1960 ἰόντες
787 1906 953 1952 ἀείδεθ’
988 1909 1148 1964 ὕμνοις

275 1979 460 2035 ἁμέτερα
492 1979 616 2035 λέχεα
648 1979 719 2023 καὶ
751 1981 920 2036 γάμους

278 2051 506 2105 Κύπριδος
536 2049 748 2106 ἀθέμιτας
779 2051 1001 2103 ἀνοσίους,

275 2122 383 2164 ὅσον
415 2121 593 2179 εὐσεβίᾳ
625 2128 873 2178 κρατοῦμεν

159 2266 248 2296 1069
264 2261 297 2308 y’
323 2260 482 2308 ἐτέρους]
498 2259 645 2306 ε’σορῶσ’
667 2262 853 2307 O.Hense,
875 2261 1032 2307 ἐφορῶσ’
1056 2263 1280 2297 Herwerden
1351 2266 1439 2297 1071
1457 2262 1588 2306 ὄμμασι

62 2315 150 2359 LP,
183 2327 360 2360 superser.
389 2315 562 2360 ὀμμάτων
596 2313 636 2350 ἐν
663 2317 674 2350 Z
797 2320 886 2350 1073
919 2317 1131 2360 ἀπατριδᾶν
1158 2317 1194 2350 P
1313 2320 1402 2350 1070
1432 2315 1590 2361 θεωρὸς]

62 2368 275 2413 Musgrave,
312 2368 460 2412 θεωρὸν
491 2369 570 2403 LP
688 2373 776 2404 1081
817 2367 925 2413 κόραι
958 2370 1046 2413 LP,
1084 2375 1215 2413 κοῦραι
1250 2370 1261 2403 Ι
1384 2373 1472 2404 1082
1506 2368 1588 2402 fort.

65 2420 248 2465 Νηρεΐδες
274 2421 370 2466 ἀμφὶ
396 2420 535 2457 πόντον
646 2426 735 2456 1083
768 2423 915 2459 ἀενάων
944 2424 1030 2468 LP,
1064 2422 1235 2459 ἀεννάων
1261 2423 1281 2456 I.
1334 2421 1414 2457 κατ’
1445 2421 1592 2456 ἀενάων

62 2474 251 2508 Hermann
390 2479 481 2510 1084
519 2474 776 2522 χορευόμεναι]
815 2475 1055 2521 πορευόμεναι
1094 2476 1306 2521 Musgrave,
1347 2473 1589 2518 εἱλισσόμεναι

66 2526 233 2570 Dindorf,
259 2526 493 2572 δινευόμεναι
515 2528 656 2573 Kuiper
733 2533 822 2563 1085
843 2529 1157 2574 χρυσοστέφανον]
1179 2527 1354 2572 ΕΙωςΙογ,
1381 2526 1589 2572 χρυσεοστέ-

65 2593 188 2623 φαιιον
209 2581 288 2614 LP
364 2584 452 2615 1088
481 2581 614 2628 ἄλλων]
635 2582 817 2626 Bmdeau,
844 2581 954 2617 ἄλλον
973 2583 1052 2617 LP
1071 2583 1075 2628 Ι
1097 2580 1216 2616 πόνον
1244 2581 1435 2626 εἰσπεσὼν]
1458 2580 1589 2623 math,

62 2632 181 2668 πόνον
206 2632 237 2667 τ’
269 2633 447 2669 εἰσπεσεῖν
473 2635 552 2668 LP
642 2638 731 2669 1089
759 2635 778 2669 ὁ
804 2646 873 2670 om.
901 2636 988 2679 LP,
1016 2635 1100 2669 add.
1128 2636 1140 2669 l
1237 2638 1327 2668 1090
1355 2633 1410 2667 ὕσι.
1436 2635 1524 2667 mut.
1552 2633 1590 2666 in

65 2684 143 2720 ὅσοι
163 2687 209 2729 L,
237 2685 315 2721 ὅσοι
336 2687 372 2720 Ρ
391 2688 396 2732 Ι
419 2686 657 2727 δυσκελάδοις
676 2688 763 2731 LP,
784 2687 1062 2723 δυσκελάδοισιν
1083 2689 1094 2722 Ι
1169 2691 1259 2722 1090
1274 2700 1325 2730 sq.
1355 2688 1437 2721 fort.
1459 2688 1587 2721 δυσκε-

63 2738 190 2780 λάδοις
221 2740 264 2774 οὐ
290 2739 384 2774 κατὰ
410 2746 544 2784 μοῖραν
653 2744 739 2774 1091
768 2739 936 2785 ὕμνοισιν
962 2743 1050 2785 LI),
1076 2741 1205 2785 ὕμνοις
1231 2741 1243 2774 l
1352 2744 1441 2774 1092
1468 2739 1589 2786 λέχεα]

62 2790 192 2837 λέκτρα
218 2793 414 2838 Mus-grave
528 2798 617 2828 1093
644 2794 827 2837 κ’ύπριδας
851 2796 942 2828 mut.
969 2794 1008 2828 iu
1034 2795 1213 2838 κύπριδος
1239 2795 1283 2836 L,
1311 2794 1494 2836 κύπριδας
1524 2794 1556 2827 Ρ
1582 2796 1585 2839 Ι

63 2844 243 2889 ἀθέμιτας
274 2848 307 2881 L
340 2846 613 2891 (compendium
652 2858 719 2881 ουσ
756 2847 854 2891 quod
893 2860 1002 2892 super
1039 2862 1084 2887 ας
1117 2847 1294 2891 scriptum
1327 2848 1408 2880 erat
1443 2857 1589 2881 erasum

66 2898 229 2943 itemque
256 2903 430 2934 accentus
457 2911 567 2944 super
592 2903 630 2944 ι’),
657 2900 859 2945 ἀθεμίτους
886 2902 920 2934 Ρ
1016 2904 1106 2934 1004
1133 2899 1298 2946 εὐσεβεία
1324 2900 1403 2934 LP
