<?xml version="1.0" encoding="UTF-8"?>
<!DOCTYPE html PUBLIC "-//W3C//DTD XHTML 1.0 Transitional//EN"
    "http://www.w3.org/TR/xhtml1/DTD/xhtml1-transitional.dtd">
<html xmlns="http://www.w3.org/1999/xhtml" xml:lang="en" lang="en">
 <head>
  <title>
</title>
<meta http-equiv="Content-Type" content="text/html;charset=utf-8" />
  <meta name='ocr-system' content='tesseract 3.04.00' />
  <meta name='ocr-capabilities' content='ocr_page ocr_carea ocr_par ocr_line ocrx_word'/>
</head>
<body>
  <div class='ocr_page' id='page_1' title='image "./euripidisfabula01euriuoft_0051.png"; bbox 0 0 1929 3208; ppageno 0'>
   <div class='ocr_carea' id='block_1_1' title="bbox 803 162 1656 205">
    <p class='ocr_par' dir='ltr' id='par_1_1' title="bbox 803 162 1656 205">
     <span class='ocr_line' id='line_1_1' title="bbox 803 162 1656 205; baseline 0 -12"><span class='ocrx_word' id='word_1_1' title='bbox 803 162 987 194; x_wconf 74' lang='lat' dir='ltr'>MHAEIA</span> <span class='ocrx_word' id='word_1_2' title='bbox 1603 163 1656 205; x_wconf 80' lang='lat'><strong><em>37</em></strong></span> 
     </span>
    </p>
   </div>
   <div class='ocr_carea' id='block_1_2' title="bbox 310 265 1659 2240">
    <p class='ocr_par' dir='ltr' id='par_1_2' title="bbox 313 265 1659 394">
     <span class='ocr_line' id='line_1_2' title="bbox 315 265 1659 324; baseline 0.004 -16"><span class='ocrx_word' id='word_1_3' title='bbox 315 265 362 309; x_wconf 87' lang='grc' dir='ltr'><strong><em>ἐκ</em></strong></span> <span class='ocrx_word' id='word_1_4' title='bbox 393 265 514 309; x_wconf 87' lang='grc' dir='ltr'><strong><em>τοῦδ’</em></strong></span> <span class='ocrx_word' id='word_1_5' title='bbox 554 267 846 323; x_wconf 82' lang='grc' dir='ltr'><strong><em>ἀναψόμεσθα</em></strong></span> <span class='ocrx_word' id='word_1_6' title='bbox 876 271 1136 324; x_wconf 80' lang='grc' dir='ltr'><strong><em>πρυμνήτην</em></strong></span> <span class='ocrx_word' id='word_1_7' title='bbox 1167 270 1328 324; x_wconf 86' lang='grc' dir='ltr'><strong><em>κάλων,</em></strong></span> <span class='ocrx_word' id='word_1_8' title='bbox 1592 284 1659 314; x_wconf 95' lang='grc'><strong><em>770</em></strong></span> 
     </span>
     <span class='ocr_line' id='line_1_3' title="bbox 313 337 1268 394; baseline 0.004 -15"><span class='ocrx_word' id='word_1_9' title='bbox 313 339 522 392; x_wconf 82' lang='grc' dir='ltr'><strong><em>μολόντες</em></strong></span> <span class='ocrx_word' id='word_1_10' title='bbox 553 339 663 381; x_wconf 78' lang='grc' dir='ltr'><strong><em>ἄστυ</em></strong></span> <span class='ocrx_word' id='word_1_11' title='bbox 694 337 766 381; x_wconf 83' lang='grc' dir='ltr'><strong><em>καὶ</em></strong></span> <span class='ocrx_word' id='word_1_12' title='bbox 797 341 988 394; x_wconf 88' lang='grc' dir='ltr'><strong><em>πόλισμα</em></strong></span> <span class='ocrx_word' id='word_1_13' title='bbox 1021 341 1268 391; x_wconf 89' lang='grc' dir='ltr'><strong><em>Παλλάδος.</em></strong></span> 
     </span>
    </p>

    <p class='ocr_par' dir='ltr' id='par_1_3' title="bbox 312 407 1206 466">
     <span class='ocr_line' id='line_1_4' title="bbox 312 407 1206 466; baseline 0.004 -16"><span class='ocrx_word' id='word_1_14' title='bbox 312 409 396 463; x_wconf 82' lang='grc' dir='ltr'><strong><em>ἤδη</em></strong></span> <span class='ocrx_word' id='word_1_15' title='bbox 431 407 479 451; x_wconf 79' lang='grc' dir='ltr'><strong><em>δὲ</em></strong></span> <span class='ocrx_word' id='word_1_16' title='bbox 510 410 651 452; x_wconf 90' lang='grc' dir='ltr'><strong><em>πάντα</em></strong></span> <span class='ocrx_word' id='word_1_17' title='bbox 682 409 795 465; x_wconf 89' lang='grc' dir='ltr'><strong><em>τάμά</em></strong></span> <span class='ocrx_word' id='word_1_18' title='bbox 827 423 898 452; x_wconf 86' lang='grc' dir='ltr'><strong><em>σοι</em></strong></span> <span class='ocrx_word' id='word_1_19' title='bbox 929 412 1206 466; x_wconf 88' lang='grc' dir='ltr'><strong><em>βουλεύματα</em></strong></span> 
     </span>
    </p>

    <p class='ocr_par' dir='ltr' id='par_1_4' title="bbox 313 479 1336 538">
     <span class='ocr_line' id='line_1_5' title="bbox 313 479 1336 538; baseline 0.001 -16"><span class='ocrx_word' id='word_1_20' title='bbox 313 479 439 530; x_wconf 83' lang='grc' dir='ltr'><strong><em>λέξω·</em></strong></span> <span class='ocrx_word' id='word_1_21' title='bbox 473 480 605 535; x_wconf 84' lang='grc' dir='ltr'><strong><em>δέχου</em></strong></span> <span class='ocrx_word' id='word_1_22' title='bbox 637 479 686 523; x_wconf 78' lang='grc' dir='ltr'><strong><em>δὲ</em></strong></span> <span class='ocrx_word' id='word_1_23' title='bbox 717 482 774 536; x_wconf 89' lang='grc' dir='ltr'><strong><em>μὴ</em></strong></span> <span class='ocrx_word' id='word_1_24' title='bbox 806 482 915 536; x_wconf 87' lang='grc' dir='ltr'><strong><em>πρὸς</em></strong></span> <span class='ocrx_word' id='word_1_25' title='bbox 944 482 1116 536; x_wconf 83' lang='grc' dir='ltr'><strong><em>ἡδονὴν</em></strong></span> <span class='ocrx_word' id='word_1_26' title='bbox 1148 484 1336 538; x_wconf 86' lang='grc' dir='ltr'><strong><em>λόγους..</em></strong></span> 
     </span>
    </p>

    <p class='ocr_par' dir='ltr' id='par_1_5' title="bbox 312 548 1185 606">
     <span class='ocr_line' id='line_1_6' title="bbox 312 548 1185 606; baseline 0.003 -13"><span class='ocrx_word' id='word_1_27' title='bbox 312 549 502 606; x_wconf 83' lang='grc' dir='ltr'><strong><em>πέμψασ’</em></strong></span> <span class='ocrx_word' id='word_1_28' title='bbox 539 552 655 606; x_wconf 85' lang='grc' dir='ltr'><strong><em>ἐμῶν</em></strong></span> <span class='ocrx_word' id='word_1_29' title='bbox 687 548 769 594; x_wconf 89' lang='grc' dir='ltr'><strong><em>τιν’</em></strong></span> <span class='ocrx_word' id='word_1_30' title='bbox 806 554 986 594; x_wconf 80' lang='grc' dir='ltr'><strong><em>οἰκετῶν</em></strong></span> <span class='ocrx_word' id='word_1_31' title='bbox 1014 552 1185 596; x_wconf 89' lang='grc' dir='ltr'><strong><em>Ἰάσονα</em></strong></span> 
     </span>
    </p>

    <p class='ocr_par' dir='ltr' id='par_1_6' title="bbox 311 622 1658 750">
     <span class='ocr_line' id='line_1_7' title="bbox 314 622 1658 679; baseline 0.002 -15"><span class='ocrx_word' id='word_1_32' title='bbox 314 622 357 672; x_wconf 91' lang='grc' dir='ltr'><strong><em>ἐς</em></strong></span> <span class='ocrx_word' id='word_1_33' title='bbox 389 623 494 673; x_wconf 83' lang='grc' dir='ltr'><strong><em>ὄψιν</em></strong></span> <span class='ocrx_word' id='word_1_34' title='bbox 526 622 676 665; x_wconf 79' lang='grc' dir='ltr'><strong><em>ἐλθεῖν</em></strong></span> <span class='ocrx_word' id='word_1_35' title='bbox 709 624 787 677; x_wconf 85' lang='grc' dir='ltr'><strong><em>τὴν</em></strong></span> <span class='ocrx_word' id='word_1_36' title='bbox 818 624 926 678; x_wconf 80' lang='grc' dir='ltr'><strong><em>ἐμὴν</em></strong></span> <span class='ocrx_word' id='word_1_37' title='bbox 959 625 1208 679; x_wconf 80' lang='grc' dir='ltr'><strong><em>αἰτήσομαι·</em></strong></span> <span class='ocrx_word' id='word_1_38' title='bbox 1593 637 1658 668; x_wconf 83' lang='grc'><strong><em>775</em></strong></span> 
     </span>
     <span class='ocr_line' id='line_1_8' title="bbox 311 692 1360 750; baseline 0.004 -15"><span class='ocrx_word' id='word_1_39' title='bbox 311 695 493 747; x_wconf 80' lang='grc' dir='ltr'><strong><em>μολόντι</em></strong></span> <span class='ocrx_word' id='word_1_40' title='bbox 526 692 564 735; x_wconf 85' lang='grc' dir='ltr'><strong><em>δ’</em></strong></span> <span class='ocrx_word' id='word_1_41' title='bbox 602 693 719 750; x_wconf 78' lang='grc' dir='ltr'><strong><em>αὐτῷ</em></strong></span> <span class='ocrx_word' id='word_1_42' title='bbox 753 696 1009 748; x_wconf 88' lang='grc' dir='ltr'><strong><em>μαλθακοὺς</em></strong></span> <span class='ocrx_word' id='word_1_43' title='bbox 1040 695 1147 746; x_wconf 83' lang='grc' dir='ltr'><strong><em>λε’ξω</em></strong></span> <span class='ocrx_word' id='word_1_44' title='bbox 1169 698 1360 750; x_wconf 86' lang='grc' dir='ltr'><strong><em>-λόγους,</em></strong></span> 
     </span>
    </p>

    <p class='ocr_par' dir='ltr' id='par_1_7' title="bbox 313 763 1313 821">
     <span class='ocr_line' id='line_1_9' title="bbox 313 763 1313 821; baseline 0.004 -16"><span class='ocrx_word' id='word_1_45' title='bbox 313 765 371 814; x_wconf 86' lang='grc' dir='ltr'><strong><em>ὡς</em></strong></span> <span class='ocrx_word' id='word_1_46' title='bbox 402 763 474 806; x_wconf 82' lang='grc' dir='ltr'><strong><em>καὶ</em></strong></span> <span class='ocrx_word' id='word_1_47' title='bbox 506 765 626 806; x_wconf 86' lang='grc' dir='ltr'><strong><em>δοκεῖ</em></strong></span> <span class='ocrx_word' id='word_1_48' title='bbox 657 779 732 818; x_wconf 88' lang='grc' dir='ltr'><strong><em>μοι</em></strong></span> <span class='ocrx_word' id='word_1_49' title='bbox 763 771 898 806; x_wconf 87' lang='grc' dir='ltr'><strong><em>ταῦτα</em></strong></span> <span class='ocrx_word' id='word_1_50' title='bbox 930 764 1003 807; x_wconf 86' lang='grc' dir='ltr'><strong><em>καὶ</em></strong></span> <span class='ocrx_word' id='word_1_51' title='bbox 1034 769 1176 816; x_wconf 85' lang='grc' dir='ltr'><strong><em>καλῶς</em></strong></span> <span class='ocrx_word' id='word_1_52' title='bbox 1207 768 1313 821; x_wconf 82' lang='grc' dir='ltr'><strong><em>ἔχει,</em></strong></span> 
     </span>
    </p>

    <p class='ocr_par' dir='ltr' id='par_1_8' title="bbox 314 834 1358 892">
     <span class='ocr_line' id='line_1_10' title="bbox 314 834 1358 892; baseline 0.004 -17"><span class='ocrx_word' id='word_1_53' title='bbox 314 835 500 889; x_wconf 78' lang='grc' dir='ltr'><strong><em>[γάμους</em></strong></span> <span class='ocrx_word' id='word_1_54' title='bbox 529 834 762 890; x_wconf 86' lang='grc' dir='ltr'><strong><em>τυράννων</em></strong></span> <span class='ocrx_word' id='word_1_55' title='bbox 794 834 872 884; x_wconf 89' lang='grc' dir='ltr'><strong><em>οὓς</em></strong></span> <span class='ocrx_word' id='word_1_56' title='bbox 903 836 1097 891; x_wconf 90' lang='grc' dir='ltr'><strong><em>προδοὺς</em></strong></span> <span class='ocrx_word' id='word_1_57' title='bbox 1127 836 1240 891; x_wconf 86' lang='grc' dir='ltr'><strong><em>ἡμᾶς</em></strong></span> <span class='ocrx_word' id='word_1_58' title='bbox 1271 839 1358 892; x_wconf 80' lang='grc' dir='ltr'><strong><em>ἔχει</em></strong></span> 
     </span>
    </p>

    <p class='ocr_par' dir='ltr' id='par_1_9' title="bbox 312 901 1348 963">
     <span class='ocr_line' id='line_1_11' title="bbox 312 901 1348 963; baseline 0.003 -16"><span class='ocrx_word' id='word_1_59' title='bbox 312 904 385 947; x_wconf 87' lang='grc' dir='ltr'><strong><em>καὶ</em></strong></span> <span class='ocrx_word' id='word_1_60' title='bbox 418 901 604 961; x_wconf 84' lang='grc' dir='ltr'><strong><em>ξύμφορ’</em></strong></span> <span class='ocrx_word' id='word_1_61' title='bbox 635 902 748 947; x_wconf 83' lang='grc' dir='ltr'><strong><em>εἶναι</em></strong></span> <span class='ocrx_word' id='word_1_62' title='bbox 779 905 853 947; x_wconf 87' lang='grc' dir='ltr'><strong><em>καὶ</em></strong></span> <span class='ocrx_word' id='word_1_63' title='bbox 884 910 1026 956; x_wconf 88' lang='grc' dir='ltr'><strong><em>καλῶς</em></strong></span> <span class='ocrx_word' id='word_1_64' title='bbox 1058 907 1348 963; x_wconf 80' lang='grc' dir='ltr'><strong><em>ἐγνωσμένα·]</em></strong></span> 
     </span>
    </p>

    <p class='ocr_par' dir='ltr' id='par_1_10' title="bbox 312 974 1658 1104">
     <span class='ocr_line' id='line_1_12' title="bbox 312 974 1658 1034; baseline 0.001 -16"><span class='ocrx_word' id='word_1_65' title='bbox 312 978 471 1026; x_wconf 89' lang='grc' dir='ltr'><strong><em>παῖδας</em></strong></span> <span class='ocrx_word' id='word_1_66' title='bbox 504 974 552 1018; x_wconf 78' lang='grc' dir='ltr'><strong><em>δὲ</em></strong></span> <span class='ocrx_word' id='word_1_67' title='bbox 583 983 729 1030; x_wconf 89' lang='grc' dir='ltr'><strong><em>μεῖναι</em></strong></span> <span class='ocrx_word' id='word_1_68' title='bbox 761 979 865 1026; x_wconf 87' lang='grc' dir='ltr'><strong><em>τοὺς</em></strong></span> <span class='ocrx_word' id='word_1_69' title='bbox 897 978 1029 1032; x_wconf 87' lang='grc' dir='ltr'><strong><em>ἐμοὺς</em></strong></span> <span class='ocrx_word' id='word_1_70' title='bbox 1061 979 1313 1034; x_wconf 80' lang='grc' dir='ltr'><strong><em>αἰτήσομαι,</em></strong></span> <span class='ocrx_word' id='word_1_71' title='bbox 1592 990 1658 1021; x_wconf 78' lang='grc'><strong><em>780</em></strong></span> 
     </span>
     <span class='ocr_line' id='line_1_13' title="bbox 313 1048 1261 1104; baseline 0.003 -15"><span class='ocrx_word' id='word_1_72' title='bbox 313 1048 393 1103; x_wconf 91' lang='grc' dir='ltr'><strong><em>οὐχ</em></strong></span> <span class='ocrx_word' id='word_1_73' title='bbox 425 1048 484 1098; x_wconf 83' lang='grc' dir='ltr'><strong><em>ὡς</em></strong></span> <span class='ocrx_word' id='word_1_74' title='bbox 515 1050 703 1090; x_wconf 85' lang='grc' dir='ltr'><strong><em>λιποῦσα</em></strong></span> <span class='ocrx_word' id='word_1_75' title='bbox 734 1050 945 1102; x_wconf 83' lang='grc' dir='ltr'><strong><em>πολεμίας</em></strong></span> <span class='ocrx_word' id='word_1_76' title='bbox 976 1048 1045 1090; x_wconf 88' lang='grc' dir='ltr'><strong><em>ἐπὶ</em></strong></span> <span class='ocrx_word' id='word_1_77' title='bbox 1076 1052 1261 1104; x_wconf 86' lang='grc' dir='ltr'><strong><em>χθονός,</em></strong></span> 
     </span>
    </p>

    <p class='ocr_par' dir='ltr' id='par_1_11' title="bbox 311 1118 1353 1176">
     <span class='ocr_line' id='line_1_14' title="bbox 311 1118 1353 1176; baseline 0.004 -16"><span class='ocrx_word' id='word_1_78' title='bbox 311 1118 533 1174; x_wconf 79' lang='grc' dir='ltr'><strong><em>[ἐχθροῖσι</em></strong></span> <span class='ocrx_word' id='word_1_79' title='bbox 564 1120 725 1169; x_wconf 87' lang='grc' dir='ltr'><strong><em>παῖδας</em></strong></span> <span class='ocrx_word' id='word_1_80' title='bbox 755 1121 859 1169; x_wconf 85' lang='grc' dir='ltr'><strong><em>τοὺς</em></strong></span> <span class='ocrx_word' id='word_1_81' title='bbox 890 1119 1022 1174; x_wconf 90' lang='grc' dir='ltr'><strong><em>ἐμοὺς</em></strong></span> <span class='ocrx_word' id='word_1_82' title='bbox 1052 1123 1353 1176; x_wconf 81' lang='grc' dir='ltr'><strong><em>καθυβρίσαι,Ι</em></strong></span> 
     </span>
    </p>

    <p class='ocr_par' dir='ltr' id='par_1_12' title="bbox 311 1187 1419 1251">
     <span class='ocr_line' id='line_1_15' title="bbox 311 1187 1419 1251; baseline 0.004 -20"><span class='ocrx_word' id='word_1_83' title='bbox 311 1187 406 1232; x_wconf 86' lang='grc' dir='ltr'><strong><em>ἀλλ’</em></strong></span> <span class='ocrx_word' id='word_1_84' title='bbox 444 1190 502 1239; x_wconf 86' lang='grc' dir='ltr'><strong><em>ὡς</em></strong></span> <span class='ocrx_word' id='word_1_85' title='bbox 534 1190 705 1232; x_wconf 78' lang='grc' dir='ltr'><strong><em>δόλοισι</em></strong></span> <span class='ocrx_word' id='word_1_86' title='bbox 737 1191 872 1232; x_wconf 86' lang='grc' dir='ltr'><strong><em>παῖδα</em></strong></span> <span class='ocrx_word' id='word_1_87' title='bbox 904 1191 1117 1245; x_wconf 83' lang='grc' dir='ltr'><strong><em>βασιλέως</em></strong></span> <span class='ocrx_word' id='word_1_88' title='bbox 1147 1193 1303 1234; x_wconf 86' lang='grc' dir='ltr'><strong><em>κτάνω.</em></strong></span> <span class='ocrx_word' id='word_1_89' title='bbox 1413 1245 1419 1251; x_wconf 46' lang='lat'>‚</span> 
     </span>
    </p>

    <p class='ocr_par' dir='ltr' id='par_1_13' title="bbox 310 1260 1392 1319">
     <span class='ocr_line' id='line_1_16' title="bbox 310 1260 1392 1319; baseline 0.003 -17"><span class='ocrx_word' id='word_1_90' title='bbox 310 1260 466 1316; x_wconf 82' lang='grc' dir='ltr'><strong><em>πέμψω</em></strong></span> <span class='ocrx_word' id='word_1_91' title='bbox 498 1262 581 1316; x_wconf 84' lang='grc' dir='ltr'><strong><em>γὰρ</em></strong></span> <span class='ocrx_word' id='word_1_92' title='bbox 614 1261 776 1311; x_wconf 87' lang='grc' dir='ltr'><strong><em>αὐτοὺς</em></strong></span> <span class='ocrx_word' id='word_1_93' title='bbox 809 1260 913 1315; x_wconf 82' lang='grc' dir='ltr'><strong><em>δῶρ’</em></strong></span> <span class='ocrx_word' id='word_1_94' title='bbox 952 1264 1131 1316; x_wconf 82' lang='grc' dir='ltr'><strong><em>ἔχοντας</em></strong></span> <span class='ocrx_word' id='word_1_95' title='bbox 1162 1262 1210 1305; x_wconf 88' lang='grc' dir='ltr'><strong><em>ἐν</em></strong></span> <span class='ocrx_word' id='word_1_96' title='bbox 1243 1271 1392 1319; x_wconf 87' lang='grc' dir='ltr'><strong><em>χεροῖν</em></strong></span> 
     </span>
    </p>

    <p class='ocr_par' dir='ltr' id='par_1_14' title="bbox 311 1331 1657 1460">
     <span class='ocr_line' id='line_1_17' title="bbox 312 1331 1657 1389; baseline 0.003 -16"><span class='ocrx_word' id='word_1_97' title='bbox 312 1332 482 1387; x_wconf 83' lang='grc' dir='ltr'><strong><em>[νύμφῃ</em></strong></span> <span class='ocrx_word' id='word_1_98' title='bbox 514 1331 750 1387; x_wconf 84' lang='grc' dir='ltr'><strong><em>φέροντας,</em></strong></span> <span class='ocrx_word' id='word_1_99' title='bbox 781 1333 912 1386; x_wconf 81' lang='grc' dir='ltr'><strong><em>τήνδε</em></strong></span> <span class='ocrx_word' id='word_1_100' title='bbox 945 1334 1002 1387; x_wconf 91' lang='grc' dir='ltr'><strong><em>μὴ</em></strong></span> <span class='ocrx_word' id='word_1_101' title='bbox 1036 1335 1218 1388; x_wconf 78' lang='grc' dir='ltr'><strong><em>φεύγειν</em></strong></span> <span class='ocrx_word' id='word_1_102' title='bbox 1251 1337 1432 1389; x_wconf 76' lang='grc' dir='ltr'><strong><em>χθόνα,]</em></strong></span> <span class='ocrx_word' id='word_1_103' title='bbox 1591 1346 1657 1377; x_wconf 75' lang='grc'><strong><em>785</em></strong></span> 
     </span>
     <span class='ocr_line' id='line_1_18' title="bbox 311 1401 1373 1460; baseline 0.004 -16"><span class='ocrx_word' id='word_1_104' title='bbox 311 1404 470 1445; x_wconf 89' lang='grc' dir='ltr'><strong><em>λεπτόν</em></strong></span> <span class='ocrx_word' id='word_1_105' title='bbox 504 1419 549 1444; x_wconf 88' lang='grc' dir='ltr'><strong><em>τε</em></strong></span> <span class='ocrx_word' id='word_1_106' title='bbox 580 1401 746 1445; x_wconf 84' lang='grc' dir='ltr'><strong><em>πέπλον</em></strong></span> <span class='ocrx_word' id='word_1_107' title='bbox 778 1402 851 1445; x_wconf 84' lang='grc' dir='ltr'><strong><em>καὶ</em></strong></span> <span class='ocrx_word' id='word_1_108' title='bbox 882 1405 1048 1445; x_wconf 85' lang='grc' dir='ltr'><strong><em>πλόκον</em></strong></span> <span class='ocrx_word' id='word_1_109' title='bbox 1079 1407 1373 1460; x_wconf 81' lang='grc' dir='ltr'><strong><em>χρυσήλατον·</em></strong></span> 
     </span>
    </p>

    <p class='ocr_par' dir='ltr' id='par_1_15' title="bbox 311 1474 1260 1530">
     <span class='ocr_line' id='line_1_19' title="bbox 311 1474 1260 1530; baseline 0.003 -15"><span class='ocrx_word' id='word_1_110' title='bbox 311 1475 475 1528; x_wconf 81' lang='grc' dir='ltr'><strong><em>κᾶνπερ</em></strong></span> <span class='ocrx_word' id='word_1_111' title='bbox 507 1475 704 1528; x_wconf 88' lang='grc' dir='ltr'><strong><em>λαβοῦσα</em></strong></span> <span class='ocrx_word' id='word_1_112' title='bbox 735 1476 903 1528; x_wconf 88' lang='grc' dir='ltr'><strong><em>κόσμον</em></strong></span> <span class='ocrx_word' id='word_1_113' title='bbox 935 1474 1110 1530; x_wconf 76' lang='grc' dir='ltr'><strong><em>άμφιθῇ</em></strong></span> <span class='ocrx_word' id='word_1_114' title='bbox 1142 1479 1260 1530; x_wconf 80' lang='grc' dir='ltr'><strong><em>χροΐ,</em></strong></span> 
     </span>
    </p>

    <p class='ocr_par' dir='ltr' id='par_1_16' title="bbox 312 1542 1332 1602">
     <span class='ocr_line' id='line_1_20' title="bbox 312 1542 1332 1602; baseline 0.003 -16"><span class='ocrx_word' id='word_1_115' title='bbox 312 1552 453 1594; x_wconf 85' lang='grc' dir='ltr'><strong><em>κακῶς</em></strong></span> <span class='ocrx_word' id='word_1_116' title='bbox 485 1545 648 1587; x_wconf 87' lang='grc' dir='ltr'><strong><em>ὀλεῖται</em></strong></span> <span class='ocrx_word' id='word_1_117' title='bbox 679 1551 762 1595; x_wconf 85' lang='grc' dir='ltr'><strong><em>πᾶς</em></strong></span> <span class='ocrx_word' id='word_1_118' title='bbox 792 1542 838 1587; x_wconf 79' lang='grc' dir='ltr'><strong><em>θ’</em></strong></span> <span class='ocrx_word' id='word_1_119' title='bbox 877 1545 925 1595; x_wconf 91' lang='grc' dir='ltr'><strong><em>ὃς</em></strong></span> <span class='ocrx_word' id='word_1_120' title='bbox 956 1545 1011 1588; x_wconf 81' lang='grc' dir='ltr'><strong><em>ἂν</em></strong></span> <span class='ocrx_word' id='word_1_121' title='bbox 1041 1548 1149 1602; x_wconf 82' lang='grc' dir='ltr'><strong><em>θίγῃ</em></strong></span> <span class='ocrx_word' id='word_1_122' title='bbox 1181 1549 1332 1602; x_wconf 83' lang='grc' dir='ltr'><strong><em>κόρης·</em></strong></span> 
     </span>
    </p>

    <p class='ocr_par' dir='ltr' id='par_1_17' title="bbox 311 1617 1233 1672">
     <span class='ocr_line' id='line_1_21' title="bbox 311 1617 1233 1672; baseline 0.002 -14"><span class='ocrx_word' id='word_1_123' title='bbox 311 1617 502 1658; x_wconf 86' lang='grc' dir='ltr'><strong><em>τοιοῖσδε</em></strong></span> <span class='ocrx_word' id='word_1_124' title='bbox 534 1619 671 1671; x_wconf 88' lang='grc' dir='ltr'><strong><em>χρίσω</em></strong></span> <span class='ocrx_word' id='word_1_125' title='bbox 706 1617 952 1672; x_wconf 88' lang='grc' dir='ltr'><strong><em>φαρμάκοις</em></strong></span> <span class='ocrx_word' id='word_1_126' title='bbox 985 1618 1233 1672; x_wconf 82' lang='grc' dir='ltr'><strong><em>δωρήματα.</em></strong></span> 
     </span>
    </p>

    <p class='ocr_par' dir='ltr' id='par_1_18' title="bbox 311 1685 1657 1815">
     <span class='ocr_line' id='line_1_22' title="bbox 312 1685 1657 1743; baseline 0.003 -15"><span class='ocrx_word' id='word_1_127' title='bbox 312 1687 508 1729; x_wconf 87' lang='grc' dir='ltr'><strong><em>ἐνταῦθα</em></strong></span> <span class='ocrx_word' id='word_1_128' title='bbox 540 1686 690 1741; x_wconf 83' lang='grc' dir='ltr'><strong><em>μέντοι</em></strong></span> <span class='ocrx_word' id='word_1_129' title='bbox 720 1685 840 1730; x_wconf 86' lang='grc' dir='ltr'><strong><em>τόνδ’</em></strong></span> <span class='ocrx_word' id='word_1_130' title='bbox 878 1687 1142 1730; x_wconf 84' lang='grc' dir='ltr'><strong><em>ἆπαλλάσσω</em></strong></span> <span class='ocrx_word' id='word_1_131' title='bbox 1174 1690 1326 1743; x_wconf 90' lang='grc' dir='ltr'><strong><em>λόγον·</em></strong></span> <span class='ocrx_word' id='word_1_132' title='bbox 1591 1701 1657 1732; x_wconf 83' lang='grc'><strong><em>790</em></strong></span> 
     </span>
     <span class='ocr_line' id='line_1_23' title="bbox 311 1752 1232 1815; baseline 0.002 -16"><span class='ocrx_word' id='word_1_133' title='bbox 311 1757 468 1815; x_wconf 72' lang='grc' dir='ltr'><strong><em>ᾤμωξα</em></strong></span> <span class='ocrx_word' id='word_1_134' title='bbox 501 1757 541 1799; x_wconf 88' lang='grc' dir='ltr'><strong><em>δ’</em></strong></span> <span class='ocrx_word' id='word_1_135' title='bbox 578 1752 674 1800; x_wconf 82' lang='grc' dir='ltr'><strong><em>οἷον</em></strong></span> <span class='ocrx_word' id='word_1_136' title='bbox 708 1761 840 1812; x_wconf 82' lang='grc' dir='ltr'><strong><em>ἔργον</em></strong></span> <span class='ocrx_word' id='word_1_137' title='bbox 871 1757 956 1800; x_wconf 79' lang='grc' dir='ltr'><strong><em>ἔστ’</em></strong></span> <span class='ocrx_word' id='word_1_138' title='bbox 996 1758 1232 1815; x_wconf 83' lang='grc' dir='ltr'><strong><em>ἐργαστέον</em></strong></span> 
     </span>
    </p>

    <p class='ocr_par' dir='ltr' id='par_1_19' title="bbox 310 1829 1290 1885">
     <span class='ocr_line' id='line_1_24' title="bbox 310 1829 1290 1885; baseline 0.002 -14"><span class='ocrx_word' id='word_1_139' title='bbox 310 1830 581 1871; x_wconf 88' lang='grc' dir='ltr'><strong><em>τούντεῦθεν</em></strong></span> <span class='ocrx_word' id='word_1_140' title='bbox 611 1829 734 1884; x_wconf 83' lang='grc' dir='ltr'><strong><em>ἡμῖν·</em></strong></span> <span class='ocrx_word' id='word_1_141' title='bbox 765 1829 895 1872; x_wconf 87' lang='grc' dir='ltr'><strong><em>τέκνα</em></strong></span> <span class='ocrx_word' id='word_1_142' title='bbox 927 1831 1012 1885; x_wconf 84' lang='grc' dir='ltr'><strong><em>γὰρ</em></strong></span> <span class='ocrx_word' id='word_1_143' title='bbox 1044 1838 1290 1873; x_wconf 83' lang='grc' dir='ltr'><strong><em>κατακτενῶ</em></strong></span> 
     </span>
    </p>

    <p class='ocr_par' dir='ltr' id='par_1_20' title="bbox 311 1898 1209 1956">
     <span class='ocr_line' id='line_1_25' title="bbox 311 1898 1209 1956; baseline 0.002 -14"><span class='ocrx_word' id='word_1_144' title='bbox 311 1898 431 1955; x_wconf 79' lang='grc' dir='ltr'><strong><em>τᾶμ’·</em></strong></span> <span class='ocrx_word' id='word_1_145' title='bbox 465 1901 586 1950; x_wconf 83' lang='grc' dir='ltr'><strong><em>οὔτις</em></strong></span> <span class='ocrx_word' id='word_1_146' title='bbox 617 1902 738 1943; x_wconf 85' lang='grc' dir='ltr'><strong><em>ἐστιν</em></strong></span> <span class='ocrx_word' id='word_1_147' title='bbox 769 1901 889 1950; x_wconf 84' lang='grc' dir='ltr'><strong><em>ὅστις</em></strong></span> <span class='ocrx_word' id='word_1_148' title='bbox 920 1901 1209 1956; x_wconf 78' lang='grc' dir='ltr'><strong><em>ἐξαιρήσεται’</em></strong></span> 
     </span>
    </p>

    <p class='ocr_par' dir='ltr' id='par_1_21' title="bbox 312 1969 1165 2026">
     <span class='ocr_line' id='line_1_26' title="bbox 312 1969 1165 2026; baseline 0.001 -13"><span class='ocrx_word' id='word_1_149' title='bbox 312 1973 451 2026; x_wconf 90' lang='grc' dir='ltr'><strong><em>δόμον</em></strong></span> <span class='ocrx_word' id='word_1_150' title='bbox 481 1987 526 2013; x_wconf 93' lang='grc' dir='ltr'><strong><em>τε</em></strong></span> <span class='ocrx_word' id='word_1_151' title='bbox 557 1971 700 2013; x_wconf 89' lang='grc' dir='ltr'><strong><em>πάντα</em></strong></span> <span class='ocrx_word' id='word_1_152' title='bbox 732 1969 935 2026; x_wconf 86' lang='grc' dir='ltr'><strong><em>συγχέασ’</em></strong></span> <span class='ocrx_word' id='word_1_153' title='bbox 968 1970 1165 2022; x_wconf 88' lang='grc' dir='ltr'><strong><em>Ἰάσονος</em></strong></span> 
     </span>
    </p>

    <p class='ocr_par' dir='ltr' id='par_1_22' title="bbox 311 2042 1653 2168">
     <span class='ocr_line' id='line_1_27' title="bbox 312 2042 1653 2097; baseline 0.001 -13"><span class='ocrx_word' id='word_1_154' title='bbox 312 2043 445 2097; x_wconf 77' lang='grc' dir='ltr'><strong><em>ἔξειμι</em></strong></span> <span class='ocrx_word' id='word_1_155' title='bbox 477 2043 622 2096; x_wconf 83' lang='grc' dir='ltr'><strong><em>γαίας,</em></strong></span> <span class='ocrx_word' id='word_1_156' title='bbox 655 2042 877 2096; x_wconf 80' lang='grc' dir='ltr'><strong><em>φιλτάτων</em></strong></span> <span class='ocrx_word' id='word_1_157' title='bbox 909 2043 1081 2084; x_wconf 84' lang='grc' dir='ltr'><strong><em>παίδων</em></strong></span> <span class='ocrx_word' id='word_1_158' title='bbox 1113 2045 1256 2097; x_wconf 89' lang='grc' dir='ltr'><strong><em>φόνον</em></strong></span> <span class='ocrx_word' id='word_1_159' title='bbox 1588 2055 1653 2085; x_wconf 79' lang='grc'><strong><em>795</em></strong></span> 
     </span>
     <span class='ocr_line' id='line_1_28' title="bbox 311 2111 1303 2168; baseline 0.002 -14"><span class='ocrx_word' id='word_1_160' title='bbox 311 2114 539 2168; x_wconf 87' lang='grc' dir='ltr'><strong><em>φεύγουσα</em></strong></span> <span class='ocrx_word' id='word_1_161' title='bbox 570 2111 642 2154; x_wconf 84' lang='grc' dir='ltr'><strong><em>καὶ</em></strong></span> <span class='ocrx_word' id='word_1_162' title='bbox 673 2111 795 2155; x_wconf 87' lang='grc' dir='ltr'><strong><em>τλᾶσ’</em></strong></span> <span class='ocrx_word' id='word_1_163' title='bbox 832 2114 963 2168; x_wconf 84' lang='grc' dir='ltr'><strong><em>ἔργον</em></strong></span> <span class='ocrx_word' id='word_1_164' title='bbox 996 2113 1303 2156; x_wconf 84' lang='grc' dir='ltr'><strong><em>ἀνοσιώτατον.</em></strong></span> 
     </span>
    </p>

    <p class='ocr_par' dir='ltr' id='par_1_23' title="bbox 312 2184 1384 2240">
     <span class='ocr_line' id='line_1_29' title="bbox 312 2184 1384 2240; baseline -0.002 -13"><span class='ocrx_word' id='word_1_165' title='bbox 312 2184 366 2227; x_wconf 91' lang='grc' dir='ltr'><strong><em>οὐ</em></strong></span> <span class='ocrx_word' id='word_1_166' title='bbox 397 2184 480 2240; x_wconf 82' lang='grc' dir='ltr'><strong><em>γὰρ</em></strong></span> <span class='ocrx_word' id='word_1_167' title='bbox 512 2187 728 2238; x_wconf 84' lang='grc' dir='ltr'><strong><em>γελᾶσθαι</em></strong></span> <span class='ocrx_word' id='word_1_168' title='bbox 759 2185 918 2238; x_wconf 87' lang='grc' dir='ltr'><strong><em>τλητὸν</em></strong></span> <span class='ocrx_word' id='word_1_169' title='bbox 951 2184 994 2236; x_wconf 81' lang='grc' dir='ltr'><strong><em>ἐξ</em></strong></span> <span class='ocrx_word' id='word_1_170' title='bbox 1025 2184 1215 2240; x_wconf 82' lang='grc' dir='ltr'><strong><em>ἐχθρῶν,</em></strong></span> <span class='ocrx_word' id='word_1_171' title='bbox 1247 2188 1384 2239; x_wconf 88' lang='grc' dir='ltr'><strong><em>φίλαι.</em></strong></span> 
     </span>
    </p>
   </div>
   <div class='ocr_carea' id='block_1_3' title="bbox 136 2359 1656 2938">
    <p class='ocr_par' dir='ltr' id='par_1_24' title="bbox 136 2359 1656 2938">
     <span class='ocr_line' id='line_1_30' title="bbox 231 2359 1656 2405; baseline -0.001 -10"><span class='ocrx_word' id='word_1_172' title='bbox 231 2364 298 2395; x_wconf 84' lang='grc'><strong><em>774</em></strong></span> <span class='ocrx_word' id='word_1_173' title='bbox 324 2360 412 2405; x_wconf 82' lang='grc' dir='ltr'><strong><em>ἐμὸν</em></strong></span> <span class='ocrx_word' id='word_1_174' title='bbox 437 2359 516 2396; x_wconf 84' lang='grc' dir='ltr'><strong><em>τιν’</em></strong></span> <span class='ocrx_word' id='word_1_175' title='bbox 538 2361 579 2396; x_wconf 90' lang='grc' dir='ltr'><em>Ε</em></span> <span class='ocrx_word' id='word_1_176' title='bbox 704 2363 770 2394; x_wconf 88' lang='lat'><strong><em>777</em></strong></span> <span class='ocrx_word' id='word_1_177' title='bbox 796 2359 912 2395; x_wconf 79' lang='grc' dir='ltr'><strong><em>ταύτὰ</em></strong></span> <span class='ocrx_word' id='word_1_178' title='bbox 938 2360 1077 2395; x_wconf 74' lang='lat' dir='ltr'>Bal-nes</span> <span class='ocrx_word' id='word_1_179' title='bbox 1198 2364 1265 2394; x_wconf 95' lang='lat'><strong><em>778</em></strong></span> <span class='ocrx_word' id='word_1_180' title='bbox 1293 2360 1484 2394; x_wconf 74' lang='lat' dir='ltr'>damnavit</span> <span class='ocrx_word' id='word_1_181' title='bbox 1509 2360 1656 2403; x_wconf 82' lang='lat' dir='ltr'>Reiske‚</span> 
     </span>
     <span class='ocr_line' id='line_1_31' title="bbox 137 2411 1613 2459; baseline -0.001 -10"><span class='ocrx_word' id='word_1_182' title='bbox 137 2418 215 2449; x_wconf 85' lang='lat'>778.</span> <span class='ocrx_word' id='word_1_183' title='bbox 243 2418 286 2448; x_wconf 91' lang='lat'><strong><em>79</em></strong></span> <span class='ocrx_word' id='word_1_184' title='bbox 312 2414 450 2449; x_wconf 82' lang='lat' dir='ltr'>Porson</span> <span class='ocrx_word' id='word_1_185' title='bbox 549 2418 614 2449; x_wconf 89' lang='lat'><strong><em>779</em></strong></span> <span class='ocrx_word' id='word_1_186' title='bbox 641 2412 800 2458; x_wconf 80' lang='grc' dir='ltr'><strong><em>ξύμφ*ρ’</em></strong></span> <span class='ocrx_word' id='word_1_187' title='bbox 826 2415 861 2448; x_wconf 87' lang='grc' dir='ltr'><em>Β</em></span> <span class='ocrx_word' id='word_1_188' title='bbox 899 2412 1056 2458; x_wconf 65' lang='grc' dir='ltr'><strong><em>ξύμφορ’</em></strong></span> <span class='ocrx_word' id='word_1_189' title='bbox 1080 2414 1135 2448; x_wconf 87' lang='grc' dir='ltr'><strong><em>Β1</em></strong></span> <span class='ocrx_word' id='word_1_190' title='bbox 1166 2434 1169 2453; x_wconf 64' lang='lat'>1</span> <span class='ocrx_word' id='word_1_191' title='bbox 1201 2416 1319 2453; x_wconf 77' lang='grc' dir='ltr'><strong><em>καλῶς</em></strong></span> <span class='ocrx_word' id='word_1_192' title='bbox 1345 2411 1564 2459; x_wconf 78' lang='grc' dir='ltr'><strong><em>εἰργασμένα</em></strong></span> <span class='ocrx_word' id='word_1_193' title='bbox 1585 2414 1613 2448; x_wconf 80' lang='lat' dir='ltr'><strong><em>S</em></strong></span> 
     </span>
     <span class='ocr_line' id='line_1_32' title="bbox 138 2466 1655 2512; baseline -0.001 -10"><span class='ocrx_word' id='word_1_194' title='bbox 138 2471 204 2503; x_wconf 88' lang='grc'><strong><em>780</em></strong></span> <span class='ocrx_word' id='word_1_195' title='bbox 230 2469 368 2508; x_wconf 84' lang='grc' dir='ltr'><strong><em>παῖδας</em></strong></span> <span class='ocrx_word' id='word_1_196' title='bbox 387 2468 426 2502; x_wconf 89' lang='grc' dir='ltr'><em>Ε</em></span> <span class='ocrx_word' id='word_1_197' title='bbox 456 2480 475 2502; x_wconf 91' lang='grc' dir='ltr'><strong><em>ο</em></strong></span> <span class='ocrx_word' id='word_1_198' title='bbox 503 2479 580 2512; x_wconf 84' lang='lat' dir='ltr'><strong>sup.</strong></span> <span class='ocrx_word' id='word_1_199' title='bbox 609 2481 647 2502; x_wconf 84' lang='grc' dir='ltr'><strong><em>αι</em></strong></span> <span class='ocrx_word' id='word_1_200' title='bbox 680 2478 746 2502; x_wconf 81' lang='lat' dir='ltr'>scr.</span> <span class='ocrx_word' id='word_1_201' title='bbox 768 2467 823 2501; x_wconf 89' lang='lat' dir='ltr'><strong><em>El</em></strong></span> <span class='ocrx_word' id='word_1_202' title='bbox 934 2471 999 2502; x_wconf 85' lang='lat'><strong><em>781</em></strong></span> <span class='ocrx_word' id='word_1_203' title='bbox 1027 2466 1170 2502; x_wconf 83' lang='grc' dir='ltr'><strong><em>λιποῦσ’</em></strong></span> <span class='ocrx_word' id='word_1_204' title='bbox 1202 2467 1249 2501; x_wconf 76' lang='grc' dir='ltr'><strong><em>ἄν</em></strong></span> <span class='ocrx_word' id='word_1_205' title='bbox 1274 2466 1436 2511; x_wconf 79' lang='lat' dir='ltr'>Elmsley</span> <span class='ocrx_word' id='word_1_206' title='bbox 1469 2466 1560 2500; x_wconf 78' lang='grc' dir='ltr'><strong><em>λίπω</em></strong></span> <span class='ocrx_word' id='word_1_207' title='bbox 1587 2478 1655 2510; x_wconf 82' lang='grc' dir='ltr'><strong><em>σφε</em></strong></span> 
     </span>
     <span class='ocr_line' id='line_1_33' title="bbox 136 2519 1656 2566; baseline -0.001 -11"><span class='ocrx_word' id='word_1_208' title='bbox 136 2522 276 2566; x_wconf 79' lang='lat' dir='ltr'>Burges</span> <span class='ocrx_word' id='word_1_209' title='bbox 407 2523 473 2554; x_wconf 80' lang='grc'><strong><em>782</em></strong></span> <span class='ocrx_word' id='word_1_210' title='bbox 500 2531 520 2554; x_wconf 78' lang='lat' dir='ltr'>e</span> <span class='ocrx_word' id='word_1_211' title='bbox 548 2523 648 2554; x_wconf 88' lang='lat'>1060.</span> <span class='ocrx_word' id='word_1_212' title='bbox 676 2524 718 2554; x_wconf 86' lang='grc'><strong><em>61</em></strong></span> <span class='ocrx_word' id='word_1_213' title='bbox 747 2520 944 2554; x_wconf 78' lang='lat' dir='ltr'>confictum</span> <span class='ocrx_word' id='word_1_214' title='bbox 970 2519 1041 2554; x_wconf 84' lang='lat' dir='ltr'>del.</span> <span class='ocrx_word' id='word_1_215' title='bbox 1069 2520 1217 2554; x_wconf 85' lang='lat' dir='ltr'>Brunck</span> <span class='ocrx_word' id='word_1_216' title='bbox 1345 2523 1412 2553; x_wconf 82' lang='lat'>784</span> <span class='ocrx_word' id='word_1_217' title='bbox 1438 2520 1573 2558; x_wconf 78' lang='grc' dir='ltr'><strong><em>αὐτοὺς</em></strong></span> <span class='ocrx_word' id='word_1_218' title='bbox 1599 2521 1656 2562; x_wconf 75' lang='grc' dir='ltr'><strong><em>(ου</em></strong></span> 
     </span>
     <span class='ocr_line' id='line_1_34' title="bbox 137 2571 1654 2618; baseline -0.003 -9"><span class='ocrx_word' id='word_1_219' title='bbox 137 2586 225 2609; x_wconf 87' lang='lat' dir='ltr'>corr.</span> <span class='ocrx_word' id='word_1_220' title='bbox 248 2574 282 2618; x_wconf 87' lang='lat' dir='ltr'><strong><em>b)</em></strong></span> <span class='ocrx_word' id='word_1_221' title='bbox 307 2574 342 2608; x_wconf 92' lang='lat' dir='ltr'><em>B</em></span> <span class='ocrx_word' id='word_1_222' title='bbox 377 2573 470 2618; x_wconf 83' lang='grc' dir='ltr'><strong><em>αὐτῇ</em></strong></span> <span class='ocrx_word' id='word_1_223' title='bbox 495 2572 729 2608; x_wconf 80' lang='lat' dir='ltr'>Valckenaer</span> <span class='ocrx_word' id='word_1_224' title='bbox 850 2576 926 2607; x_wconf 84' lang='lat'>785.</span> <span class='ocrx_word' id='word_1_225' title='bbox 955 2577 999 2607; x_wconf 85' lang='lat'><strong><em>86</em></strong></span> <span class='ocrx_word' id='word_1_226' title='bbox 1025 2572 1169 2607; x_wconf 83' lang='lat' dir='ltr'>inverso</span> <span class='ocrx_word' id='word_1_227' title='bbox 1196 2573 1323 2606; x_wconf 75' lang='lat' dir='ltr'>ordine</span> <span class='ocrx_word' id='word_1_228' title='bbox 1349 2572 1524 2617; x_wconf 78' lang='lat' dir='ltr'>leguntur</span> <span class='ocrx_word' id='word_1_229' title='bbox 1549 2571 1586 2604; x_wconf 87' lang='lat' dir='ltr'><strong><em>in</em></strong></span> <span class='ocrx_word' id='word_1_230' title='bbox 1608 2572 1654 2614; x_wconf 69' lang='lat' dir='ltr'><strong><em>E,</em></strong></span> 
     </span>
     <span class='ocr_line' id='line_1_35' title="bbox 138 2624 1652 2672; baseline -0.002 -11"><span class='ocrx_word' id='word_1_231' title='bbox 138 2626 252 2661; x_wconf 88' lang='lat' dir='ltr'>minio</span> <span class='ocrx_word' id='word_1_232' title='bbox 279 2638 357 2671; x_wconf 83' lang='lat' dir='ltr'><strong>sup.</strong></span> <span class='ocrx_word' id='word_1_233' title='bbox 379 2629 446 2660; x_wconf 82' lang='grc'><strong><em>785</em></strong></span> <span class='ocrx_word' id='word_1_234' title='bbox 473 2640 496 2660; x_wconf 89' lang='grc' dir='ltr'><strong><em>α</em></strong></span> <span class='ocrx_word' id='word_1_235' title='bbox 523 2629 590 2660; x_wconf 77' lang='grc'><strong><em>786</em></strong></span> <span class='ocrx_word' id='word_1_236' title='bbox 617 2627 639 2671; x_wconf 87' lang='grc' dir='ltr'>β</span> <span class='ocrx_word' id='word_1_237' title='bbox 666 2630 731 2660; x_wconf 87' lang='grc'><strong><em>787</em></strong></span> <span class='ocrx_word' id='word_1_238' title='bbox 759 2641 779 2672; x_wconf 84' lang='grc' dir='ltr'><strong><em>γ</em></strong></span> <span class='ocrx_word' id='word_1_239' title='bbox 805 2638 870 2661; x_wconf 82' lang='lat' dir='ltr'>scr.</span> <span class='ocrx_word' id='word_1_240' title='bbox 896 2628 900 2670; x_wconf 91' lang='grc' dir='ltr'>Ι</span> <span class='ocrx_word' id='word_1_241' title='bbox 924 2629 991 2661; x_wconf 83' lang='lat'>785</span> <span class='ocrx_word' id='word_1_242' title='bbox 1015 2638 1084 2661; x_wconf 90' lang='lat' dir='ltr'><strong><em>om.</em></strong></span> <span class='ocrx_word' id='word_1_243' title='bbox 1110 2627 1139 2662; x_wconf 79' lang='lat' dir='ltr'><em>G</em></span> <span class='ocrx_word' id='word_1_244' title='bbox 1158 2625 1375 2670; x_wconf 67' lang='lat' dir='ltr'>proscripsit</span> <span class='ocrx_word' id='word_1_245' title='bbox 1394 2624 1627 2659; x_wconf 79' lang='lat' dir='ltr'>Valckenaer</span> <span class='ocrx_word' id='word_1_246' title='bbox 1649 2625 1652 2670; x_wconf 90' lang='grc' dir='ltr'>Ι</span> 
     </span>
     <span class='ocr_line' id='line_1_36' title="bbox 136 2676 1654 2725; baseline -0.003 -10"><span class='ocrx_word' id='word_1_247' title='bbox 136 2680 246 2724; x_wconf 86' lang='grc' dir='ltr'><strong><em>τήνδε</em></strong></span> <span class='ocrx_word' id='word_1_248' title='bbox 285 2679 349 2725; x_wconf 86' lang='grc' dir='ltr'><strong><em>μὴ]</em></strong></span> <span class='ocrx_word' id='word_1_249' title='bbox 387 2678 569 2724; x_wconf 84' lang='grc' dir='ltr'><strong><em>γράφεται</em></strong></span> <span class='ocrx_word' id='word_1_250' title='bbox 606 2680 726 2724; x_wconf 84' lang='grc' dir='ltr'><strong><em>δῆθεν</em></strong></span> <span class='ocrx_word' id='word_1_251' title='bbox 760 2679 809 2724; x_wconf 89' lang='grc' dir='ltr'><strong><em>μή</em></strong></span> <span class='ocrx_word' id='word_1_252' title='bbox 841 2679 952 2715; x_wconf 69' lang='lat' dir='ltr'>schol.</span> <span class='ocrx_word' id='word_1_253' title='bbox 989 2682 993 2724; x_wconf 84' lang='grc'>1</span> <span class='ocrx_word' id='word_1_254' title='bbox 1029 2686 1162 2725; x_wconf 78' lang='grc' dir='ltr'><strong><em>φυγεῖν</em></strong></span> <span class='ocrx_word' id='word_1_255' title='bbox 1187 2680 1259 2714; x_wconf 77' lang='lat' dir='ltr'><strong><em>ES</em></strong></span> <span class='ocrx_word' id='word_1_256' title='bbox 1404 2681 1468 2712; x_wconf 82' lang='grc'><strong><em>786</em></strong></span> <span class='ocrx_word' id='word_1_257' title='bbox 1501 2676 1654 2723; x_wconf 77' lang='grc' dir='ltr'><strong><em>πλόκον]</em></strong></span> 
     </span>
     <span class='ocr_line' id='line_1_37' title="bbox 137 2729 1655 2778; baseline -0.003 -10"><span class='ocrx_word' id='word_1_258' title='bbox 137 2732 271 2778; x_wconf 85' lang='grc' dir='ltr'><strong><em>στέφος</em></strong></span> <span class='ocrx_word' id='word_1_259' title='bbox 290 2733 330 2767; x_wconf 88' lang='grc' dir='ltr'><em>Ε</em></span> <span class='ocrx_word' id='word_1_260' title='bbox 425 2735 492 2766; x_wconf 84' lang='grc'><strong><em>790</em></strong></span> <span class='ocrx_word' id='word_1_261' title='bbox 519 2730 584 2776; x_wconf 79' lang='grc' dir='ltr'><strong><em>μέν</em></strong></span> <span class='ocrx_word' id='word_1_262' title='bbox 609 2743 667 2767; x_wconf 88' lang='grc' dir='ltr'><strong><em>σοι</em></strong></span> <span class='ocrx_word' id='word_1_263' title='bbox 693 2732 824 2767; x_wconf 77' lang='lat' dir='ltr'>Christ.</span> <span class='ocrx_word' id='word_1_264' title='bbox 852 2735 927 2778; x_wconf 78' lang='lat' dir='ltr'>pat.</span> <span class='ocrx_word' id='word_1_265' title='bbox 955 2737 1034 2776; x_wconf 77' lang='lat'>837,</span> <span class='ocrx_word' id='word_1_266' title='bbox 1071 2733 1134 2767; x_wconf 83' lang='lat' dir='ltr'><strong>cfr.</strong></span> <span class='ocrx_word' id='word_1_267' title='bbox 1162 2732 1273 2767; x_wconf 75' lang='lat' dir='ltr'>schol.</span> <span class='ocrx_word' id='word_1_268' title='bbox 1300 2730 1403 2776; x_wconf 82' lang='grc' dir='ltr'><strong><em>μέχρι</em></strong></span> <span class='ocrx_word' id='word_1_269' title='bbox 1431 2729 1498 2774; x_wconf 80' lang='grc' dir='ltr'><strong><em>μὲν</em></strong></span> <span class='ocrx_word' id='word_1_270' title='bbox 1522 2731 1655 2765; x_wconf 86' lang='grc' dir='ltr'><strong><em>τούτου</em></strong></span> 
     </span>
     <span class='ocr_line' id='line_1_38' title="bbox 136 2783 1653 2831; baseline -0.003 -10"><span class='ocrx_word' id='word_1_271' title='bbox 136 2784 410 2830; x_wconf 83' lang='grc' dir='ltr'><strong><em>ἀποτερματίζω</em></strong></span> <span class='ocrx_word' id='word_1_272' title='bbox 437 2796 494 2819; x_wconf 88' lang='grc' dir='ltr'><strong><em>σοι</em></strong></span> <span class='ocrx_word' id='word_1_273' title='bbox 519 2786 581 2820; x_wconf 83' lang='grc' dir='ltr'><strong><em>καὶ</em></strong></span> <span class='ocrx_word' id='word_1_274' title='bbox 607 2785 727 2830; x_wconf 79' lang='grc' dir='ltr'><strong><em>ἵστημι</em></strong></span> <span class='ocrx_word' id='word_1_275' title='bbox 752 2786 817 2821; x_wconf 90' lang='grc' dir='ltr'><strong><em>τὸν</em></strong></span> <span class='ocrx_word' id='word_1_276' title='bbox 842 2785 951 2831; x_wconf 83' lang='grc' dir='ltr'><strong><em>λόγον</em></strong></span> <span class='ocrx_word' id='word_1_277' title='bbox 977 2793 1147 2821; x_wconf 83' lang='grc' dir='ltr'><strong><em>σιωπῶσα</em></strong></span> <span class='ocrx_word' id='word_1_278' title='bbox 1171 2787 1175 2830; x_wconf 82' lang='grc'>1</span> <span class='ocrx_word' id='word_1_279' title='bbox 1198 2787 1282 2830; x_wconf 75' lang='lat' dir='ltr'>post</span> <span class='ocrx_word' id='word_1_280' title='bbox 1302 2788 1369 2818; x_wconf 87' lang='grc'><strong><em>790</em></strong></span> <span class='ocrx_word' id='word_1_281' title='bbox 1395 2783 1505 2818; x_wconf 79' lang='lat' dir='ltr'><strong>unius</strong></span> <span class='ocrx_word' id='word_1_282' title='bbox 1531 2795 1653 2818; x_wconf 77' lang='lat' dir='ltr'>versus</span> 
     </span>
     <span class='ocr_line' id='line_1_39' title="bbox 137 2835 1653 2885; baseline -0.003 -10"><span class='ocrx_word' id='word_1_283' title='bbox 137 2839 301 2885; x_wconf 78' lang='lat' dir='ltr'><strong>spatium</strong></span> <span class='ocrx_word' id='word_1_284' title='bbox 326 2850 493 2883; x_wconf 79' lang='lat' dir='ltr'><strong>vacuum,</strong></span> <span class='ocrx_word' id='word_1_285' title='bbox 519 2837 558 2872; x_wconf 90' lang='lat' dir='ltr'><strong><em>in</em></strong></span> <span class='ocrx_word' id='word_1_286' title='bbox 583 2850 656 2882; x_wconf 88' lang='lat' dir='ltr'><strong><em>quo</em></strong></span> <span class='ocrx_word' id='word_1_287' title='bbox 682 2852 727 2872; x_wconf 64' lang='lat' dir='ltr'><strong><em>:z</em></strong></span> <span class='ocrx_word' id='word_1_288' title='bbox 754 2839 800 2873; x_wconf 80' lang='lat' dir='ltr'><strong><em>ab</em></strong></span> <span class='ocrx_word' id='word_1_289' title='bbox 828 2839 874 2874; x_wconf 79' lang='lat' dir='ltr'><strong><em>al.</em></strong></span> <span class='ocrx_word' id='word_1_290' title='bbox 895 2851 990 2874; x_wconf 81' lang='lat' dir='ltr'>man.</span> <span class='ocrx_word' id='word_1_291' title='bbox 1013 2850 1079 2873; x_wconf 83' lang='lat' dir='ltr'><strong>scr.</strong></span> <span class='ocrx_word' id='word_1_292' title='bbox 1101 2840 1140 2873; x_wconf 89' lang='grc' dir='ltr'><em>Ε</em></span> <span class='ocrx_word' id='word_1_293' title='bbox 1236 2841 1301 2872; x_wconf 78' lang='lat'>792</span> <span class='ocrx_word' id='word_1_294' title='bbox 1328 2835 1528 2872; x_wconf 80' lang='grc' dir='ltr'><strong><em>τουνθένδ’</em></strong></span> <span class='ocrx_word' id='word_1_295' title='bbox 1558 2836 1598 2872; x_wconf 81' lang='grc' dir='ltr'><strong><em>ἐν</em></strong></span> <span class='ocrx_word' id='word_1_296' title='bbox 1618 2837 1653 2870; x_wconf 89' lang='grc' dir='ltr'><strong><em>Β</em></strong></span> 
     </span>
     <span class='ocr_line' id='line_1_40' title="bbox 137 2892 1270 2938; baseline -0.003 -10"><span class='ocrx_word' id='word_1_297' title='bbox 137 2907 191 2938; x_wconf 76' lang='grc' dir='ltr'><strong><em>γρ.</em></strong></span> <span class='ocrx_word' id='word_1_298' title='bbox 218 2898 279 2928; x_wconf 85' lang='grc' dir='ltr'><strong><em>τεῦ</em></strong></span> <span class='ocrx_word' id='word_1_299' title='bbox 305 2904 383 2938; x_wconf 86' lang='lat' dir='ltr'>sup.</span> <span class='ocrx_word' id='word_1_300' title='bbox 409 2894 481 2927; x_wconf 84' lang='grc' dir='ltr'><strong><em>θεν</em></strong></span> <span class='ocrx_word' id='word_1_301' title='bbox 507 2903 572 2926; x_wconf 83' lang='lat' dir='ltr'>scr.</span> <span class='ocrx_word' id='word_1_302' title='bbox 595 2893 614 2927; x_wconf 85' lang='lat' dir='ltr'><strong><em>b</em></strong></span> <span class='ocrx_word' id='word_1_303' title='bbox 637 2892 641 2937; x_wconf 87' lang='grc' dir='ltr'>Ι</span> <span class='ocrx_word' id='word_1_304' title='bbox 664 2899 873 2927; x_wconf 85' lang='grc' dir='ltr'><strong><em>κατακτενῶ</em></strong></span> <span class='ocrx_word' id='word_1_305' title='bbox 895 2892 988 2938; x_wconf 88' lang='grc' dir='ltr'><strong><em>ΕΡ]</em></strong></span> <span class='ocrx_word' id='word_1_306' title='bbox 1014 2897 1231 2926; x_wconf 81' lang='grc' dir='ltr'><strong><em>κατακτανῶ</em></strong></span> <span class='ocrx_word' id='word_1_307' title='bbox 1253 2903 1270 2925; x_wconf 77' lang='grc' dir='ltr'><strong><em>ι·</em></strong></span> 
     </span>
    </p>
   </div>
  </div>
 </body>
</html>
