1929 3208
280 145 332 186 14
928 145 1053 177 mvn
1063 145 1195 177 ιιΔοΤ

488 251 546 305 μά
578 251 628 293 θ’
662 252 756 305 ἱερὰ
788 251 940 304 κύματ’
974 252 1146 306 ἰχθύων
1178 267 1222 293 τε
1256 257 1344 294 πᾶν
1376 253 1522 307 γένος,
1776 266 1854 298 266

489 321 703 375 ἀπώμοσ’,
735 320 768 363 ὡ
801 322 1036 364 κάλλιστον
1067 320 1100 364 ὦ
1135 323 1417 377 Κυκλώπιον,

489 390 521 434 ὦ
555 393 833 447 δεσποτίσκε,
866 395 923 448 μὴ
957 395 1008 435 τὰ
1040 393 1080 435 σ’
1112 393 1270 444 ἐξοὸᾶν
1302 393 1386 449 ἐγὼ

488 462 652 514 ξένοισι
685 463 882 519 χρήματ’.
945 465 970 519 ἢ
1004 472 1145 515 κακῶς
1177 461 1300 507 οὗτοι
1332 466 1458 508 κακοὶ

487 536 529 577 οἱ
561 536 715 585 παῖδες
748 534 1004 590 ἀπόλοινθᾎ
1038 536 1116 586 οὓς
1146 535 1317 589 μάλιστ’
1350 536 1433 591 ἐγὼ
1467 541 1592 592 φιλῶ.

335 610 422 649 ΧΟ.
488 607 619 656 αὐτὸς
652 605 729 661 ἔχ’.
794 605 929 661 ἔγωγε
962 614 1054 658 τοῖς
1086 605 1229 658 ξένοις
1260 609 1312 650 τὰ
1344 610 1539 662 χρήματα
1774 620 1842 651 270

487 678 710 732 περνάντα
743 679 785 720 σ’
815 675 955 720 εἶδον·
988 680 1027 720 εἰ
1059 679 1098 720 ὃ
1129 678 1213 733 ἐγὼ
1246 680 1387 733 ψευδῆ
1422 680 1553 734 λέγω,

486 747 691 792 ἀπόλοιθ’
723 749 746 791 ὁ
778 753 920 805 πατήρ
952 766 1059 805 μου,
1091 752 1195 800 τοὺς
1227 748 1381 800 ξένους
1413 751 1462 792 δὲ
1493 752 1551 806 μὴ
1585 751 1734 794 ἀδίκει.

332 824 424 864 K'P.
488 821 725 872 ψεύδεσθ’·
760 819 897 875 ἔγωγε
930 822 1041 878 τῷδε
1074 828 1152 863 τοῦ
1179 820 1512 875 Ῥαδαμάνθυος

485 896 654 946 μᾶλλον
686 890 883 935 πέποιθα
916 893 987 935 καὶ
1019 890 1296 946 δικαιότερον
1329 891 1453 947 λέγω.

485 965 603 1006 θέλω
637 961 677 1005 δ’
709 963 907 1017 ἐρέσθαι·
941 960 1085 1007 πόθεν
1117 962 1367 1019 ἐπλεύσατ’,
1400 962 1433 1007 ὦ
1461 964 1596 1016 ξένοι;
1772 976 1841 1008 275

484 1036 698 1089 ποδαποί,
730 1037 795 1085 τίς
827 1035 939 1088 ὑμᾶς
971 1035 1280 1086 ἐξεπαίδευσεν
1311 1034 1455 1088 πόλις;

331 1109 422 1149 ΟΛ.
481 1105 723 1161 Ἰθακήσιοι
755 1107 836 1160 μὲν
868 1109 915 1149 τὸ
949 1105 1096 1161 γένος,
1124 1105 1257 1150 Ἰλίου
1291 1108 1333 1149 δ’
1363 1108 1468 1161 ἄπο,

484 1178 723 1232 πέρσαντες
755 1179 885 1232 ἄστυ,
918 1179 1167 1231 πνεύμασιν
1198 1180 1462 1228 θαλασσίοις

485 1251 568 1304 σὴν
601 1256 732 1303 γαῖαν
765 1247 1034 1299 ἐξωσθέντες
1064 1250 1242 1304 ἥκομεν,
1275 1250 1482 1301 Κύκλωψ.

329 1324 421 1363 ΚΥ.
484 1319 510 1375 ἧ
543 1328 618 1375 τῆς
650 1322 855 1375 κακίστης
887 1321 932 1362 οἳ
961 1320 1200 1375 μετήλθεθ’
1231 1320 1431 1375 ἁρπαγὰς
1771 1331 1840 1364 280

478 1390 658 1446 Ἑλένης
691 1390 991 1475 Σκαμάνδρου
1024 1390 1186 1447 γείτον’
1222 1391 1354 1434 Ἰλίου
1387 1390 1537 1443 πόλιν;

331 1466 422 1505 ΟΔ.
453 1490 458 1495 .
486 1459 629 1517 οὗτοι,
662 1462 804 1505 πόνον
835 1465 914 1506 τὸν
946 1465 1098 1506 δεινὸν
1131 1461 1452 1518 ἐξηντληκότες.

327 1537 420 1577 ΚΤ.
484 1535 668 1589 αἰσχρὸν
700 1535 949 1588 στράτευμά
980 1533 1041 1590 γ’,
1067 1536 1228 1585 οἵτινες
1259 1541 1359 1588 μιᾶς
1389 1535 1519 1590 χάριν

481 1607 691 1660 γυναικὸς
723 1605 999 1657 ἑξεπλεύσατ’
1030 1605 1074 1656 ἐς
1105 1613 1238 1661 γαῖαν
1275 1608 1477 1660 Φρυγῶν.

328 1680 418 1720 ΟΔ.
481 1682 594 1720 θεοῦ
627 1679 675 1720 τὸ
708 1684 902 1732 πρᾶγμα·
935 1675 1088 1732 μηδέν’
1121 1678 1244 1720 αἰτιῶ
1277 1680 1462 1733 βροτῶν.
1769 1688 1838 1720 285

479 1750 602 1804 ἡμεῖς
634 1749 681 1791 δέ
714 1750 772 1803 σ’,
806 1747 838 1791 ὦ
871 1754 983 1791 θεοῦ
1016 1750 1201 1790 ποντίου
1235 1755 1411 1802 γενναῖε
1443 1755 1541 1803 παῖ,

483 1821 734 1873 ἱκετεύομεν
766 1836 811 1862 τε
843 1821 916 1862 καὶ
949 1818 1134 1874 λέγομεν
1166 1818 1432 1875 ἐλευθέρως·

479 1893 535 1946 μὴ
568 1895 672 1947 τλῇς
704 1893 812 1946 πρὸς
844 1892 994 1941 οἴκους
1025 1893 1131 1941 σοὺς
1163 1891 1435 1946 ἀφιγμένους
1467 1893 1626 1946 φίλους

479 1969 657 2005 κτανεῖν
689 1963 828 2017 βοράν
860 1978 905 2005 τε
937 1964 1131 2017 δυσσεβῆ
1164 1963 1331 2005 θέσθαι
1363 1963 1568 2017 γνάθοις·

480 2035 524 2076 οἳ
553 2035 633 2076 τὸν
665 2035 759 2088 σόν,
792 2032 928 2088 ὦναξ,
959 2032 1110 2088 πατέρ’
1140 2032 1257 2089 ἔχειν
1288 2041 1410 2076 ναῶν
1443 2033 1572 2089 ἕδρας
1766 2044 1835 2076 290

478 2104 790 2160 ἐρρυσάμεσθα
821 2113 900 2160 γῆς
926 2104 975 2148 ἐν
1001 2104 1212 2155 εΕλλάδος
1236 2112 1408 2160 μυχοῖς·

481 2177 596 2231 ἱερός
627 2178 666 2218 τ’
696 2177 950 2231 ἄθραυστος
990 2176 1210 2229 Ταινάρου
1242 2177 1364 2230 μένει
1396 2177 1527 2231 λιμὴν

478 2247 661 2297 ΝΙαλέας
692 2244 732 2288 τ’
762 2248 888 2301 ἄκροι
920 2252 1176 2301 κευθμῶνες
1207 2248 1234 2302 ἥ
1266 2263 1312 2289 τε
1344 2249 1539 2289 Σουνίου

479 2319 576 2369 δίας
603 2317 795 2368 Ἀθάνας
828 2326 914 2368 σῶς
945 2318 1203 2372 ὑπάργυρος
1235 2318 1371 2372 πέτρα

323 2475 390 2507 265
417 2471 463 2507 τά
482 2472 528 2507 θ’
550 2471 631 2515 ἱερὰ
652 2471 850 2514 Hermann,
871 2471 954 2505 fort.
969 2471 1020 2516 μὰ
1039 2470 1146 2515 διερὰ
1215 2475 1281 2506 267
1305 2471 1341 2506 6’
1357 2470 1489 2513 ἐξοὸἆν
1512 2472 1575 2514 ΖΡ,
1597 2471 1634 2505 σ’
1661 2472 1783 2505 *οδᾶν
1797 2471 1832 2505 L

263 2526 400 2571 <fuerat
426 2525 570 2560 scilicet
596 2524 642 2559 σὰ
667 2524 816 2568 ἐξοὸᾶν)
892 2528 958 2560 268
985 2525 1111 2571 κακοὶ]
1140 2525 1246 2559 καλοὶ
1273 2525 1480 2569 Musgrave,
1507 2525 1531 2558 i.
1553 2535 1583 2559 e.
1605 2524 1759 2558 κα-λοὶ

263 2583 331 2614 272
357 2579 404 2624 μὴ
432 2577 555 2613 ἀδίκει
581 2579 626 2622 L,
653 2589 832 2622 superscr.
861 2577 1045 2623 συνίζησις
1071 2579 1083 2612 l
1181 2582 1248 2613 273
1274 2579 1380 2625 τῷδε]
1410 2577 1555 2621 canter,
1581 2579 1690 2612 τοῦδε
1716 2578 1751 2612 L

264 2637 331 2667 274
357 2633 509 2678 μᾶλλον]
537 2631 747 2675 Kirchhoff,
785 2631 902 2666 πολλὰ
928 2633 979 2674 L,
1015 2629 1126 2666 πλείω
1160 2632 1374 2676 Musgmve,
1413 2629 1524 2665 πλέον
1557 2631 1749 2665 Hermann

263 2689 330 2720 275
361 2685 515 2729 ἔρεσθαι
552 2686 587 2720 L
690 2688 758 2719 288
797 2684 938 2731 οἴκους]
986 2684 1220 2728 Heimsoeth‚
1260 2684 1377 2728 ἄντρα
1416 2685 1449 2719 L
1482 2687 1486 2728 Ι
1519 2682 1665 2729 φίλους]
1703 2681 1831 2726 ξένους

263 2738 459 2773 Kixchhoff
553 2741 620 2773 290
647 2739 764 2784 ναῶν]
793 2737 945 2781 Umber,
972 2743 1064 2772 νεῶν
1093 2739 1127 2772 L
1225 2741 1290 2772 291
1320 2736 1595 2782 ἐρρυσάμεσθα]
1634 2735 1827 2779 Ματὼὶειθ,

263 2791 493 2836 εἰρυσάμεθα
527 2793 561 2827 L
659 2795 726 2825 292
760 2789 858 2835 ἱερός
893 2802 1019 2835 apogr.
1057 2791 1185 2833 Paris.,
1231 2791 1348 2834 ἱερεύς
1384 2791 1417 2824 L
1448 2789 1453 2836 Ι
1487 2789 1678 2830 ἄθαυστος
1712 2790 1763 2833 L,
1809 2803 1828 2833 ρ

262 2845 451 2879 ίΠΞΘι-ιιίίῑί
557 2848 624 2879 293
651 2842 787 2889 μαλέας
814 2846 858 2887 L,
897 2842 1012 2889 μαλέα
1046 2846 1058 2878 l
1088 2843 1094 2891 Ι
1127 2843 1148 2888 ἤ
1184 2855 1308 2887 apogr.
1338 2844 1471 2885 Paris,
1508 2842 1550 2877 οἷ’
1579 2844 1613 2877 L
1644 2844 1648 2888 Ι
1681 2840 1828 2889 Σουνίῳ

263 2898 461 2942 Musgrave
