1929 3208
793 134 978 166 ΜΗΔΕΙΑ
1585 133 1605 172 1
1612 133 1638 173 9

291 241 370 282 τὸν
403 241 536 282 δόντα
568 239 640 283 καὶ
671 243 869 296 γήμαντα
902 239 973 283 καὶ
1006 239 1289 296 γαμουμένην

291 311 472 365 δράσειν
502 327 554 354 τι.
617 311 739 354 ταῦτ’
774 309 856 354 οὖν
887 312 992 367 πρὶν
1023 316 1187 354 παθεῖν
1219 313 1480 366 φυλάξομαι.

290 389 496 436 κρεῖσσον
524 381 576 424 δέ
597 399 671 437 μοι
697 389 780 424 νῦν
807 385 916 438 πρός
942 382 980 424 σ’
1012 382 1309 438 ἀπεχθέσθαι,
1340 383 1486 436 γύναι,
1568 394 1636 424 200

292 452 317 506 ἢ
350 452 708 507 μαλθακισθένθ’
745 455 930 508 ὕστερον
962 454 1253 508 μεταστένειν.

115 532 221 571 ΜΗ.
294 536 379 584 φεῦ
411 537 507 585 φεῦ.

291 601 344 642 οὐ
377 607 460 642 νῦν
492 617 542 655 με
575 609 765 657 πρῶτον,
797 601 906 642 ἀλλὰ
938 601 1160 653 πολλάκις,
1193 601 1354 656 Κρέον,

290 674 451 724 ἔβλαψε
485 672 589 723 δόξα
620 673 786 726 μεγάλα
817 670 854 713 τ’
893 677 1116 727 εἴργασται
1148 673 1270 714 κακά.

289 744 370 798 χρὴ
404 739 444 783 δ’
481 742 636 785 οὔποθ’
678 744 796 793 ὅστις
828 743 1056 797 ἀρτίφρων
1083 738 1252 795 πέφυκ’
1288 743 1400 797 ἀνὴρ

287 814 447 863 παῖδας
477 821 695 869 περισσῶς
726 813 1066 855 ἐκδιδάσκεσθαι
1098 815 1282 868 σοφούς·
1565 826 1633 856 295

290 882 422 939 χωρὶς
454 885 538 940 γὰρ
570 885 703 939 ἄλλης
733 881 784 938 ἧς
816 886 994 939 ἔχουσιν
1027 883 1181 939 ἀργίας

288 957 467 1008 φθόνον
498 957 608 1010 πρὸς
639 956 784 998 ἀστῶν
816 955 1067 1010 ἀλφάνουσι
1101 957 1306 1010 δυσμενῆ.

289 1035 478 1069 σκαιοῖσι
511 1025 592 1082 μὲν
623 1028 706 1083 γὰρ
739 1028 868 1069 καινὰ
900 1026 1167 1082 προσφέρων
1199 1028 1318 1082 σοφὰ

289 1099 427 1150 δόξεις
461 1099 634 1153 ἀχρεῖος
665 1099 746 1141 κού
780 1099 920 1153 σοφὸς
951 1097 1212 1153 πεφυκέναι·

286 1177 374 1211 τῶν
407 1168 447 1211 δ’
484 1167 540 1212 αὖ
573 1171 827 1213 δοκούντων
861 1169 1025 1212 εἰδέναι
1057 1186 1097 1211 τι
1129 1172 1332 1212 ποικίλον
1569 1182 1636 1212 300

286 1243 503 1295 κρείσσων
535 1239 766 1296 νομισθεὶς
798 1243 963 1297 λυπρὸς
994 1241 1042 1283 ἐν
1075 1243 1199 1283 πόλει
1231 1247 1362 1296 φανῇ.

287 1312 370 1366 ἐγὼ
404 1310 451 1354 δὲ
483 1312 618 1366 καύτὴ
651 1313 782 1367 τῆσδε
814 1320 1015 1354 κοινωνῶ
1046 1313 1190 1367 τύχης.

288 1384 403 1437 σοφὴ
436 1384 520 1439 γὰρ
553 1380 680 1438 οὖσα,
710 1391 802 1433 τοῖς
834 1382 915 1439 μέν
948 1382 1029 1438 εἰμ’
1067 1383 1328 1438 ἐπίφθονος,

289 1456 399 1506 [τοῖς
431 1453 470 1496 δ’
508 1454 710 1510 ἡσυχαία,
742 1462 833 1505 τοῖς
865 1454 912 1496 δὲ
945 1454 1140 1510 θατέρου
1172 1457 1373 1509 τρόπου,]

286 1524 355 1566 σοὶ
389 1523 428 1566 δ’
466 1522 522 1567 αὗ
554 1526 815 1580 προσάντης,
851 1525 957 1580 [εἰμὶ
991 1523 1030 1567 δ’
1067 1527 1148 1568 οὐκ
1179 1528 1292 1580 ἄγαν
1324 1529 1471 1580 σοφή]
1567 1539 1634 1569 305

288 1597 362 1649 [σὺ
396 1593 436 1638 δ’
473 1593 530 1638 αὖ
561 1598 679 1652 φοβῇ
711 1599 781 1652 με]
815 1599 873 1651 μή
906 1613 946 1638 τι
977 1596 1224 1652 πλημμελὲς
1255 1598 1418 1653 πάθῃς·

288 1667 367 1722 οὐχ
400 1664 477 1709 ὧδ’
515 1669 602 1722 ἔχει
634 1683 723 1722 μοι,
757 1669 814 1722 μὴ
847 1667 1002 1723 τρέσῃς
1032 1667 1157 1723 ἡμᾶς,
1192 1668 1351 1723 Κρέον,

286 1734 388 1780 ὥστ’
424 1739 467 1789 ἐς
498 1739 746 1793 τυράννους
777 1740 942 1793 ἄνδρας
975 1738 1299 1794 ἐξαμαρτάνειν.

286 1811 341 1852 σὺ
373 1811 455 1863 γὰρ
487 1812 533 1852 τί
559 1809 605 1865 μ’
639 1810 870 1865 ἠδίκηκας;
906 1810 1056 1861 έξέδου
1088 1813 1225 1866 κόρην

286 1881 371 1938 ὅτῳ
404 1893 452 1923 σε
484 1884 629 1936 θυμὸς
659 1878 778 1936 ἦγεν.
841 1880 928 1924 ἀλλ’
967 1881 1072 1937 ἐμὸν
1104 1885 1236 1925 πόσιν
1564 1895 1632 1925 310

286 1960 417 2007 μισῶ·
450 1955 505 1995 σὺ
538 1950 597 2006 δ’,
631 1950 766 2007 οἶμαι,
800 1961 1048 2008 σωφρονῶν
1081 1955 1211 2008 ἔδρας
1242 1954 1355 1995 τάδε.

286 2022 356 2065 καὶ
389 2030 473 2066 νῦν
504 2026 552 2066 τὸ
585 2022 665 2078 μὲν
698 2024 779 2065 σὸν
811 2024 865 2066 οὐ
897 2028 1057 2077 φθονῶ
1090 2028 1232 2074 καλῶς
1265 2027 1397 2079 ἔχειν·

203 2191 272 2222 290
303 2186 395 2231 πρός
427 2186 479 2233 σ’]
523 2185 632 2231 πρόσ’
661 2188 697 2222 Β
726 2188 730 2232 Ι
760 2186 998 2233 ἀπεχθέσθαι
1024 2188 1203 2235 Elmsley]
1251 2187 1487 2234 ἀπέχθεσθαι
1516 2189 1635 2224 BSa²

108 2240 316 2286 ἀπέχεσθαι
342 2242 410 2276 Ea
455 2240 702 2286 ἀπηχθῆσθαι
737 2241 825 2276 olim
851 2241 985 2276 Nauck
1130 2246 1195 2276 291
1225 2241 1457 2287 μεταστένειν
1485 2242 1631 2290 Nauck]

108 2293 199 2340 μέγα
226 2293 365 2330 στένειν
391 2294 478 2329 libri
504 2297 542 2329 et
560 2294 657 2329 Plut.
686 2295 731 2329 de
752 2295 891 2329 tuenda
911 2307 987 2330 san.
1012 2300 1031 2330 5
1056 2308 1090 2340 p.
1116 2300 1193 2339 1-24,
1221 2296 1266 2330 de
1287 2296 1347 2331 vit.
1370 2297 1456 2341 pud.
1473 2302 1493 2331 4
1514 2309 1548 2341 p.
1565 2301 1632 2331 530

156 2352 224 2382 292
257 2360 298 2392 με
332 2360 401 2383 om.
429 2348 468 2382 E
503 2348 614 2392 (inter
646 2359 735 2382 vers.
764 2348 847 2382 add.
877 2348 922 2383 al.
950 2351 1061 2391 man.)
1101 2361 1139 2394 γε
1166 2348 1289 2382 Hirzel
1430 2353 1497 2382 ‘2955
1525 2348 1632 2394 δόξα]

110 2402 249 2446 γλῶσσα
277 2401 429 2436 Stobaei
455 2401 489 2435 fl.
512 2404 568 2445 36,
596 2405 616 2434 3
751 2405 817 2436 296
845 2401 969 2448 ἄλλης]
1009 2403 1122 2446 ἀλκῆς
1141 2402 1181 2436 Ε
1312 2406 1378 2436 297
1406 2402 1513 2449 πρὸς]
1540 2401 1629 2445 παρ’

109 2453 260 2489 Aristot.
295 2454 387 2490 rhet.
416 2455 447 2488 Π
474 2459 515 2488 21
663 2458 732 2489 298
765 2461 906 2495 σκαιοῖς
933 2455 960 2490 S
991 2457 996 2500 Ι
1031 2454 1145 2501 σοφά]
1186 2454 1252 2500 ἔπη
1274 2455 1315 2489 (1²
1342 2457 1379 2489 et
1405 2455 1525 2489 denuo
1546 2456 1588 2488 (1³

110 2510 175 2540 301
204 2507 339 2551 λυπρὸς
365 2507 405 2543 ἐν
430 2506 547 2554 πόλει]
588 2507 628 2542 ἐν
653 2506 756 2542 πόλει
781 2508 917 2552 λυπρὸς
938 2508 965 2543 S
1107 2512 1175 2542 304
1202 2520 1271 2543 om.
1295 2509 1347 2552 E,
1382 2507 1542 2553 margini
1569 2508 1633 2542 ad-

109 2559 268 2605 scriptus
295 2562 350 2595 est
375 2560 490 2596 minio
517 2560 570 2605 (in
595 2572 672 2595 voc.
700 2560 752 2605 δὲ,
777 2560 942 2605 θατέρου
962 2561 988 2605 “,
1016 2564 1226 2596 atramento
1253 2562 1336 2596 add.
1358 2561 1437 2605 ΕΞ).
1488 2573 1633 2596 versum

110 2623 129 2647 e
173 2625 203 2647 v.
237 2616 305 2647 808
349 2615 488 2649 temere
525 2614 597 2648 huc
635 2614 858 2649 translatum
891 2626 970 2649 esse
1001 2615 1146 2649 monuit
1180 2614 1329 2649 Pierson
1484 2618 1551 2649 305
1579 2626 1632 2659 sq.

108 2667 165 2701 σοὶ
209 2665 338 2710 scripsi
383 2666 535 2701 seclusis
580 2667 699 2702 verbis
743 2669 786 2702 σὺ
830 2667 866 2702 δ’
915 2667 962 2703 αὖ
1007 2670 1105 2715 φοβῇ
1151 2669 1209 2714 με]
1248 2675 1325 2708 τοῖς
1362 2661 1447 2701 lib’ri
1482 2670 1486 2712 1
1520 2668 1633 2702 verba

109 2719 179 2764 εἰμὶ
201 2749 206 2754 .
231 2750 237 2755 .
259 2719 356 2764 σοφή
396 2720 533 2754 delevit
570 2722 612 2755 ut
650 2732 669 2755 e
706 2733 736 2756 v.
765 2725 832 2756 583
871 2722 1018 2757 invecta
1051 2722 1091 2757 R.
1120 2721 1227 2755 Prinz
1266 2721 1465 2766 (integrum
1503 2733 1536 2755 v.
1564 2724 1632 2755 305

108 2772 262 2807 damnat
286 2773 330 2808 H.
346 2772 484 2817 Hirzel)
571 2777 638 2808 306
666 2773 700 2808 δ’
731 2772 798 2809 οὖν
823 2775 893 2810 ES
912 2777 916 2820 Ι
938 2774 1114 2820 πλημελὲς
1136 2776 1167 2809 L
1201 2775 1346 2821 πάθῃς;
1366 2787 1387 2809 (ι
1463 2778 1529 2808 307
1562 2774 1634 2820 ἔχει

108 2839 169 2870 μοι
195 2826 265 2872 Sa]
306 2825 422 2871 ἔχοιμι
448 2839 467 2861 r
563 2830 631 2861 308
664 2826 769 2873 ὥστ’]
802 2829 849 2868 ὡς
876 2829 914 2863 Ε
1010 2832 1077 2862 309
1111 2830 1154 2862 σὺ
1187 2828 1255 2872 γὰρ
1287 2826 1322 2861 τί
1354 2826 1392 2871 μ’
1423 2827 1466 2873 S]
1497 2825 1532 2861 τί
1563 2826 1632 2872 γὰρ

109 2879 151 2913 σύ
180 2878 216 2923 μ’
248 2892 268 2914 r

1374 2940 1418 2963 0ss
