1929 3208
749 151 963 185 ΚΤΚΛῼΨ

290 258 459 300 τούτων
485 257 584 308 ἑνὸς
615 257 861 313 ληφθέντες
891 256 1023 312 ἐσμὲν
1054 258 1103 302 ἐν
1134 259 1286 313 δόμοις

290 329 463 370 δοῦλοι·
495 333 679 371 καλοῦσι
711 327 750 371 δ’
782 329 918 372 αὐτὸν
950 325 986 386 ᾧ
1018 331 1285 385 λατρεύομεν

290 400 586 454 Πολύφημον·
618 399 717 442 ἀντὶ
749 398 788 442 δ’
819 400 953 443 εὐίων
983 402 1295 456 βακχευμάτων

289 472 476 524 ποίμνας
507 471 752 521 Κύκλωπος
783 471 966 514 ἀνοσίου
998 474 1300 526 ποιμαίνομεν.

287 541 440 591 παῖδες
471 541 551 594 μὲν
584 538 666 583 οὖν
697 558 770 595 μοι
801 543 991 585 κλιτύων
1021 542 1072 585 ἑν
1103 542 1301 598 ἐσχάτοις

287 612 470 665 νέμουσι
500 616 613 666 μῆλα
644 612 722 655 νέα
753 612 846 655 νέοι
877 615 1141 668 πεφυκότες,

286 681 371 738 ἐγὼ
404 683 453 725 δὲ
484 687 684 738 πληροῦν
715 685 874 739 πίστρα
905 685 977 726 καὶ
1009 686 1179 739 σαίρειν
1212 684 1366 740 στέγας

289 754 434 807 μένων
465 754 671 808 τέταγμαι
701 754 833 796 τάσδε
863 759 926 812 τῷ
956 771 1001 798 τε
1033 756 1241 810 δυσσεβεῖ

288 826 502 867 Κύκλωπι
534 826 727 867 δείπνων
759 825 951 868 ἀνοσίων
983 827 1198 878 διάκονος.

287 897 358 938 καὶ
390 902 475 938 νῦν
506 897 558 938 τὰ
589 894 909 951 προσταχθέντ’
941 896 1188 952 ἀναγκαίως
1219 896 1306 953 ἔχει

288 968 457 1022 σαίρειν
490 967 649 1024 σιδηρᾷ
677 966 785 1023 τῇδέ
812 965 855 1021 μ’
887 967 1060 1027 ἁρπάγῃ
1093 969 1275 1024 δόμους,

290 1038 348 1088 ὡς
379 1039 457 1080 τόν
487 1035 524 1079 τ’
556 1037 725 1080 ἀπόντα
756 1038 975 1093 δεσπότην
1006 1037 1215 1081 Κύκλωπ’
1246 1039 1352 1093 ἐμὸν

287 1113 555 1163 καθαροῖσιν
587 1109 764 1164 ἄντροις
795 1109 909 1164 μῆλά
940 1107 976 1151 τ’
1007 1109 1300 1166 ἐσδεχώμεθα.

284 1180 368 1234 ἤδη
401 1180 450 1222 δὲ
480 1180 639 1230 παῖδας
669 1180 998 1236 προσνέμοντας
1029 1182 1186 1237 εἰσορῶ

285 1253 482 1304 ποίμνας.
544 1253 589 1293 τί
616 1258 770 1303 ταῦτα;
801 1259 895 1305 μῶν
926 1253 1082 1307 κρότος
1114 1253 1343 1295 σικινίδων

287 1323 435 1376 ὅμοιος
465 1322 571 1376 ὑμῖν
601 1329 687 1365 νῦν
717 1338 763 1364 τε
794 1322 903 1378 χῶτε
935 1325 1108 1381 Βακχίῳ

285 1394 445 1447 κώμοις
477 1395 816 1445 συνασπίζοντες
843 1392 1051 1444 Ἀλθαίας
1082 1395 1246 1448 δόμους

286 1462 466 1523 προσῇτ’
497 1464 667 1515 ἀοιδαῖς
698 1466 921 1520 βαρβίτων
954 1466 1265 1520 σαυλούμενοι;

771 1583 935 1616 ΧΟΡΟΣ

285 1658 346 1711 πᾷ
376 1655 594 1708 γενναίων
624 1654 705 1708 μὲν
736 1654 956 1710 πατέρων,

286 1726 506 1780 γενναίων
537 1723 576 1767 δ’
608 1723 657 1768 ἐκ
688 1726 900 1780 τοκάδων,

285 1801 346 1853 πᾷ
376 1796 431 1851 δή
461 1812 535 1850 μοι
566 1798 668 1855 νίσῃ
701 1796 959 1849 σκοπέλους;

285 1868 337 1910 οὐ
369 1867 464 1924 τᾷδ’
499 1867 721 1923 ὑπήνεμος
752 1869 867 1923 αὔρα

284 1939 356 1980 καὶ
387 1940 548 1993 ποιηρὰ
580 1939 762 1993 βοτάνα;

286 2010 439 2051 δινᾶεν
471 2009 509 2051 δ’
539 2009 661 2064 ὕδωρ
693 2017 900 2063 ποταμῶν

284 2078 335 2123 ἐν
366 2082 568 2134 πίστραις
598 2087 735 2123 κεῖται
766 2080 899 2131 πέλας
931 2082 1006 2123 ἄν·

285 2167 415 2206 τρων,
447 2149 499 2194 οὗ
533 2163 603 2195 σοι
634 2153 792 2208 βλαχαὶ
822 2151 993 2194 τεκέων.

285 2223 447 2278 ψύττα,
479 2224 532 2266 οὐ
564 2224 658 2281 τᾷδ’
690 2225 763 2278 οὔ,
795 2224 847 2266 οὐ
880 2224 982 2281 τᾷδε
1014 2228 1124 2282 νεμῇ

1590 413 1636 444 25

1591 766 1635 798 30

1591 1120 1636 1152 35

1589 1476 1635 1508 40

1473 1656 1633 1711 stroph.

1588 1952 1632 1983 45

133 2355 177 2387 30
202 2357 252 2399 τῷ
286 2352 339 2398 τε]
374 2357 424 2387 τῶ
451 2353 501 2395 L,
536 2358 585 2387 τῶ
611 2366 649 2388 τε
675 2354 704 2397 l,
738 2355 830 2388 τῶδε
863 2354 900 2388 Ρ
994 2355 1035 2387 31
1064 2354 1218 2388 δεῖπνον
1253 2352 1406 2389 ἀνόσιον
1442 2355 1632 2389 διακονεῖν

71 2404 231 2449 Blaydes
328 2409 370 2440 32
398 2404 472 2451 ἔχει
497 2406 531 2440 L
558 2407 777 2451 compendio
803 2407 856 2442 sic
882 2417 949 2441 scr.
969 2407 1013 2440 ut
1044 2406 1192 2442 dubites
1223 2409 1349 2442 utrum
1381 2406 1456 2452 ἔχει
1482 2417 1529 2441 an
1555 2406 1633 2452 ἔχοι

72 2458 131 2501 sifi,
158 2457 232 2503 ἔχει
257 2469 436 2503 superscr.
464 2471 500 2494 01.
525 2460 562 2494 Ρ
643 2463 687 2494 38
712 2460 776 2495 καὶ
803 2459 862 2495 ὅτε
887 2461 933 2504 L,
959 2459 998 2506 χ’
1024 2462 1090 2497 ὥτε
1118 2462 1174 2496 lP
1256 2463 1299 2495 39
1325 2460 1476 2506 κώμοις]
1502 2459 1632 2503 Bothe,

73 2512 190 2556 κώμοι
227 2511 319 2554 LP,
356 2517 473 2556 κῶμοι
508 2513 520 2547 l
622 2516 667 2547 40
704 2519 861 2559 προσῇτε
893 2515 943 2559 L,
982 2515 1139 2560 προσῆτ’
1171 2514 1252 2558 ἶΡΙ
1282 2513 1573 2558 συναυλούμενοι
1603 2525 1633 2559 p

143 2568 186 2599 41
214 2562 324 2609 χορὸς
343 2565 510 2608 σατύρων
529 2565 739 2611 praefigunt
757 2567 842 2611 LP,
868 2567 1099 2604 hemichoria
1119 2577 1250 2603 canere
1270 2566 1454 2610 videntur,
1479 2566 1633 2611 ephym-

73 2618 137 2652 nia¹
163 2619 200 2652 et
225 2617 385 2662 epodum
409 2619 511 2653 τοι-οε
538 2619 670 2654 chorus
697 2622 702 2664 Ι
730 2621 799 2671 πᾷ]
825 2620 988 2656 Dindorf
1010 2625 1096 2667 (παῖ
1116 2621 1294 2665 Murray)‚
1319 2625 1372 2654 πᾶ
1399 2619 1446 2664 δή
1470 2632 1532 2664 μοι
1557 2621 1635 2656 LP

143 2675 188 2706 42
215 2671 273 2717 δ’]
295 2670 333 2705 L.
348 2671 517 2715 Dindorf‚
536 2672 573 2706 τ’
594 2672 672 2708 LP
741 2677 786 2708 43
811 2672 895 2718 νίση
909 2676 996 2718 LP,
1016 2688 1049 2710 ει
1068 2685 1178 2719 super
1197 2672 1235 2709 νί
1254 2684 1320 2708 scr.
1337 2684 1365 2718 p
1437 2676 1482 2707 46
1503 2674 1632 2709 δινᾶεν

72 2725 106 2760 L
134 2727 188 2769 (εν
214 2724 252 2758 in
278 2726 364 2769 rae.)
385 2736 430 2769 p,
463 2726 610 2760 δεινᾶεν
642 2725 702 2773 ΡΙ
725 2726 779 2772 δ’]
806 2727 950 2772 scripsi,
975 2729 1022 2763 θ’
1048 2729 1127 2763 LP
1220 2729 1265 2760 48
1292 2723 1351 2772 οὗ]
1379 2725 1630 2770 Casanbonm,

72 2777 116 2812 οὔ
143 2777 246 2822 LP}
292 2778 424 2823 βλαχαὶ
450 2779 485 2812 L
511 2779 548 2812 et
573 2789 751 2823 superscr.
778 2792 800 2824 η
826 2781 863 2815 Ρ
955 2784 1000 2816 49
1025 2781 1166 2826 ψύττα,
1199 2780 1241 2815 σὺ
1266 2779 1354 2814 τάδ’
1381 2779 1442 2823 οὐ,
1475 2780 1517 2814 σὺ
1542 2779 1632 2816 τάδε

70 2830 245 2875 Hartung
269 2831 351 2875 (κού
382 2830 469 2866 τάδε
495 2831 657 2876 Nauck),
684 2832 767 2867 fort.
799 2833 938 2878 ψύττα,
971 2835 1013 2870 σὺ
1044 2835 1132 2886 τᾷδ’
1159 2833 1220 2878 οὔ,
1252 2834 1295 2868 σὺ
1321 2832 1362 2868 δὲ
1387 2834 1474 2885 τᾷδε
1497 2835 1502 2878 Ι
1524 2835 1630 2882 νεμῇ]

70 2883 265 2926 Matthiae,
292 2881 382 2928 νέμη
409 2885 489 2920 LP
