1929 3208
291 158 348 197 30
920 157 1188 189 Ε’ῙΊἸΙΗΔΟΤ

502 267 587 316 ι’έξω
619 265 789 318 θεατὴν
822 265 977 319 δῆθεν,
1009 264 1067 313 ὡς
1099 264 1179 306 οὐκ
1213 261 1302 306 ὅντ’
1340 263 1458 319 ἐμόν.

501 335 571 378 καὶ,
605 337 687 390 γὰρ
721 343 907 389 γυναῖκα
939 335 1020 389 τὴν
1053 335 1161 389 ἐμὴν
1194 335 1247 377 οὐ
1279 335 1497 389 βούλομαι

503 411 658 449 λυπεῖν
690 407 874 448 ἄτεκνον
907 402 1047 447 οὖσαν
1079 405 1211 455 αὐτὸς
1243 406 1452 461 εὐτυχῶν.

506 479 650 534 χρόνῳ
684 476 731 518 δὲ
764 478 920 528 καιρὸν
954 478 1191 531 λαμβάνων
1224 478 1495 532 προσάξομαι

505 545 687 603 δάμαρτ’
725 548 801 590 έᾶν
834 560 881 590 σε
915 555 1110 601 σκῆπτρα
1143 546 1240 603 τᾶμ’
1279 550 1395 603 ἔχειν
1427 550 1602 603 χθονός.
1753 560 1819 591 660

496 619 627 661 Ἴωνα
662 617 702 661 δ’
739 619 937 673 ὀνομάζω
971 631 1017 660 σε
1051 625 1101 674 τῇ
1134 620 1241 674 τύχῃ
1275 619 1458 673 πρέπον,

507 687 713 733 ὁθούνεκ’
751 690 928 732 ἀδύτων
962 689 1121 740 ἐξιόντι
1153 707 1226 745 μοι
1258 695 1371 733 θεοῦ

507 767 628 817 ι”χνος
661 768 861 815 συνῆψας
892 769 1074 816 πρῶτος.
1138 761 1247 804 ἀλλὰ
1280 769 1367 803 τῶν
1400 765 1545 816 φίλων

505 830 704 887 πλήρωμ’
744 833 958 886 ἀθροίσας
990 832 1201 889 βουθύτῳ
1235 834 1319 873 σὺν
1351 832 1492 887 ἡδονῇ

504 906 728 957 πρόσειπε,
763 903 934 958 μέλλων
967 901 1156 957 Δελφίδ’
1195 903 1387 946 ἐκλιπεῖν
1420 906 1561 946 πόλιν.
1755 915 1822 945 665

506 976 611 1028 ὑμῖν
645 974 691 1017 δὲ
725 981 868 1028 σιγᾶν,
903 976 1104 1029 δμωΐδες,
1137 973 1248 1028 λέγω
1282 975 1400 1028 τάδε,

507 1046 532 1101 ἢ
565 1046 764 1088 θάνατον
797 1047 1047 1088 εἰπούσαισι
1079 1046 1188 1100 πρὸς
1221 1043 1404 1100 δάμαρτ’
1441 1047 1568 1100 ἔχειν.

296 1120 424 1160 ΙΩΝ.
511 1116 718 1172 στείχοιμ’
757 1119 828 1159 ἄν·
862 1118 910 1159 ἓν
944 1115 991 1159 δὲ
1023 1123 1098 1171 τῆς
1129 1117 1261 1171 τύχης
1293 1117 1450 1158 ἄπεστί
1477 1130 1570 1171 μοι·

507 1190 547 1230 εἰ
577 1189 634 1242 μὴ
667 1189 749 1242 γὰρ
782 1189 876 1242 ἥτις
908 1186 950 1242 μ’
988 1189 1132 1229 ε”τεκεν
1164 1187 1352 1242 εὑρήσω,
1387 1189 1536 1242 πάτερ,

506 1259 697 1313 ἀβίωτον
728 1258 850 1313 ἡμῖν·
884 1260 925 1300 ει’
955 1257 994 1299 δ’
1031 1258 1299 1309 ἐπεύξασθαι
1331 1260 1487 1314 χρεών,
1753 1269 1822 1301 670

506 1330 553 1372 ἐκ
585 1337 673 1371 τῶν
701 1327 905 1383 Ἀθηνῶν
938 1327 980 1383 μ’
1019 1329 1045 1383 ἡ
1078 1325 1248 1372 τεκοῦσ’
1285 1334 1350 1384 εἰή
1384 1331 1511 1384 γυνή,

510 1402 567 1450 ὥς
599 1416 673 1456 μοι
705 1399 884 1455 γένηται
915 1402 1142 1455 μητρόθεν
1173 1403 1407 1456 παρρησία.

509 1473 716 1527 καθαρὰν
747 1473 830 1526 γὰρ
862 1472 919 1525 ἤν
951 1488 1016 1521 τις
1049 1471 1091 1522 ἐς
1121 1474 1252 1514 πόλιν
1284 1471 1392 1527 πέσῃ
1427 1472 1564 1525 ξένος,

508 1543 590 1585 κᾶν
621 1551 714 1593 τοῖς
744 1545 950 1597 νόμοισιν
983 1543 1112 1593 ἀστὸς
1144 1537 1185 1599 ᾗ,
1216 1545 1265 1585 τό
1297 1559 1346 1597 γε
1379 1545 1516 1598 στόμα

512 1616 678 1657 δοῦλον
710 1613 897 1656 πέπαται
928 1615 1037 1656 κούκ
1069 1616 1155 1669 ἔχει
1187 1617 1448 1670 παρρησίαν.
1756 1624 1827 1656 675

296 1738 386 1777 ΧΟ.
513 1734 602 1790 ὁρῶ
636 1733 909 1790 δάκρυαριαὶ
942 1736 1187 1788 πενθίμους
1605 1731 1767 1786 stroph.

508 1805 728 1859 ἀλαλαγὰς
761 1805 1072 1859 στεναγμάτων
1103 1802 1141 1845 τ’
1180 1804 1378 1858 ἐσβολάς,

513 1877 618 1918 ὅταν
652 1875 732 1930 ἐμὰ
763 1876 982 1929 τύραννος
1013 1876 1247 1917 εὐπαιδίαν

511 1949 643 1990 πόσιν
677 1944 818 2002 ἔχοντ’
856 1947 965 2002 εἰδῇ,

513 2019 622 2072 αὐτὴ
657 2015 698 2059 δ’
734 2019 864 2068 ἄπαις
895 2012 921 2074 ᾗ
954 2016 1025 2059 καὶ
1058 2017 1314 2073 λελειμμένη
1347 2016 1526 2060 τέκνων.
1762 2024 1829 2057 680

510 2087 613 2143 τίν’,
647 2086 680 2130 ὦ
713 2098 795 2131 παῖ
823 2091 1040 2144 πρόμαντι
1072 2091 1261 2143 Λατοῦς,
1293 2091 1416 2144 ἔχρη-

513 2172 592 2210 σας
623 2160 875 2217 ὑμνῳδιάν;

509 2233 652 2273 πόθεν
685 2231 707 2273 ὁ
740 2239 841 2281 παῖς
873 2227 940 2273 ὅδ’
979 2230 1090 2286 ἀμφὶ
1122 2233 1258 2281 ναοὺς
1290 2230 1423 2273 σέθεν

510 2304 725 2357 τρόφιμος
759 2302 899 2356 ἐξέβα,
931 2309 1156 2355 γυναικῶν
1188 2303 1326 2351 τι’νος;

398 2483 465 2513 656
493 2479 540 2518 ὡς
566 2478 649 2523 οὐκ]
677 2478 742 2522 οὐχ
769 2477 817 2516 ὡς
842 2477 1011 2510 Badhan]
1105 2480 1171 2511 659
1198 2475 1374 2522 λαμβάνω
1402 2477 1437 2510 Ρ
1535 2480 1597 2510 661
1628 2476 1714 2521 post
1739 2473 1832 2509 ἴωνα

300 2531 463 2566 deletum
503 2530 538 2565 δ’
582 2530 699 2574 ὄνομα
738 2529 777 2563 in
809 2531 843 2564 L
977 2534 1045 2564 664
1078 2528 1249 2572 ἀθρήσας
1285 2531 1375 2563 mut..
1409 2528 1448 2562 in
1487 2527 1672 2572 ἀθροίσας
1702 2528 1737 2562 L

298 2589 365 2619 666
381 2583 553 2630 δμωΐδες]
569 2584 719 2628 Ramnes,
738 2581 933 2627 δμωίδεσσι
950 2583 1029 2617 LP
1085 2587 1152 2617 667
1169 2583 1280 2629 ἔχειν]
1303 2582 1446 2627 scripsi,
1467 2582 1557 2628 ἐμήν
1572 2583 1651 2618 LP
1708 2585 1775 2617 668
1792 2580 1832 2616 ἓν

302 2639 348 2681 L,
375 2637 414 2673 ἐν
435 2638 472 2672 P
566 2641 635 2671 674
662 2636 846 2682 νόμοισιν]
874 2635 1094 2680 Conington,
1120 2635 1282 2681 λόγοισιν
1308 2636 1387 2670 LP
1481 2639 1548 2670 676
1575 2635 1720 2679 δάκρυα
1745 2635 1832 2679 LP,

301 2690 448 2735 δάκρυα
473 2690 539 2735 μὲν
566 2691 577 2724 Z
675 2694 741 2724 677
768 2688 970 2735 ἀλαλαγὰς]
996 2689 1201 2732 Hermann,
1229 2689 1253 2723 ἄ
1280 2701 1299 2723 *
1326 2700 1348 2724 ’σε
1375 2704 1394 2734 γ
1420 2700 1442 2725 *
1468 2688 1507 2722 in
1533 2688 1605 2723 fine
1631 2686 1830 2733 superioris

301 2755 428 2778 versus
448 2744 494 2787 L,
521 2743 613 2778 haec
639 2743 677 2777 in
705 2742 816 2782 ἄλλας
840 2741 999 2776 mutavit
1025 2744 1062 2776 et
1082 2745 1168 2777 ante
1188 2743 1286 2776 hunc
1306 2755 1336 2776 V.
1359 2755 1396 2787 γε
1419 2741 1568 2787 scripsit
1588 2742 1610 2785 l,
1636 2742 1833 2785 utrumque

307 2809 375 2831 om.
405 2798 440 2830 P
460 2799 463 2842 Ι
487 2796 762 2842 στεναγμάτων]
787 2795 1002 2840 Musgmve,
1029 2802 1239 2841 στεναγμῶν
1265 2796 1344 2830 LP
1364 2796 1368 2841 Ι
1390 2794 1422 2829 τ’
1452 2795 1540 2839 LP,
1566 2793 1680 2829 erasit
1705 2794 1717 2828 l

307 2854 375 2884 678
403 2850 471 2894 ἐμὰ
499 2851 586 2894 LP,
614 2848 680 2894 ἐμὴ
708 2850 720 2883 Ζ
817 2853 884 2884 679
912 2850 1007 2894 εἰδῇ]
1034 2849 1254 2893 Wakefield,
1281 2848 1351 2893 ἤδη
1378 2849 1457 2883 LP
1551 2851 1617 2882 682
1644 2844 1835 2894 ὑμνῳδίαν

307 2903 394 2946 LP,
422 2903 473 2942 εἰς
498 2902 690 2950 ὑμνῳδίαν
717 2903 728 2937 l
825 2906 892 2938 684
919 2901 1041 2949 ἐξέβα]
1068 2901 1178 2948 ἐξέφυ
1205 2902 1268 2937 Ge.
1297 2902 1448 2936 Schmid
