1929 3208
249 182 304 222 ,14
880 182 929 213 Ε]
947 181 1147 214 ΙΊΙΙΙΔΟΎ

842 360 1193 392 lloATMllz'l'szl‘.

429 434 557 487 ὤμοι,
589 435 842 486 τυφλοῦμαι
873 432 1037 485 φέγγος
1070 431 1277 485 ὀμμάτων
1311 431 1452 478 τάλας.
1687 441 1777 470 1035

258 508 340 546 ΧΟ.
432 501 634 557 ἠκούσατ’
667 503 830 555 ἀνδρὸς
864 503 1035 557 Θρῃκὸς
1068 503 1285 556 οἰμωγήν,
1319 503 1466 556 φίλαις

257 578 402 616 Imm.
431 576 541 629 ὤμοι
574 571 674 628 μάλ’
705 571 857 624 αὖθις,
892 573 1042 625 τέκνα,
1076 575 1299 627 δυστήνου
1332 578 1517 627 σφαγῆς.

259 650 342 687 ΧΟ.
431 648 577 699 φίλαι,
611 645 850 699 πέπρακται
881 642 997 687 καίν’
1028 647 1112 687 ἔσω
1146 646 1295 699 δόμων
1327 644 1448 685 κακά.

258 720 403 760 ΝΛΜ.
431 715 525 759 ἀλλ’
557 717 654 759 οὔτι
686 718 743 771 μὴ
776 717 942 771 φύγητε
977 719 1177 772 λαιψηρῷ
1209 717 1332 757 ποδί·

432 789 608 843 βάλλων
641 789 723 843 γὰρ
757 792 892 830 οἴκων
923 786 1056 830 τῶνδ’
1086 787 1316 842 ἀναρρήξω
1349 787 1525 842 μυχούς.
1691 797 1781 828 1040

433 862 553 912 ἰδού,
586 862 766 914 βαρείας
798 860 941 914 χειρὸς
972 859 1157 914 ὁρμᾶται
1189 857 1327 912 βέλος.

260 936 344 974 ΧΟ.
432 930 641 986 βούλεσθ’
675 930 1003 985 έπεσπέσωμεν;
1038 931 1097 981 ὡς
1128 930 1241 985 ἀκμὴ
1274 933 1399 972 καλεῖ

427 1002 590 1058 Ἑκάβῃ
625 1009 827 1058 παρεῖναι
867 1002 1068 1059 Τρῳάσιν
1100 1017 1145 1044 τε
1178 1001 1445 1056 συμμάχους.

928 1167 1101 1200 ΕΚΑΒΗ.

434 1242 620 1295 ἄρασσε,
653 1241 813 1294 φείδου
846 1239 1005 1295 μηδέν,
1038 1239 1262 1294 ἐκβάλλων
1294 1239 1452 1289 πύλας·

437 1312 490 1354 οὐ
523 1312 605 1366 γάρ
637 1309 735 1354 ποτ’
766 1313 883 1366 ὄμμα
916 1311 1118 1366 λαμπρὸν
1151 1310 1356 1364 ἐνθήσεις
1387 1313 1558 1365 κόραις,
1693 1323 1782 1353 1045

433 1384 486 1425 οὐ
519 1384 679 1433 παῖδας
711 1384 809 1434 ὄψει
842 1385 1004 1434 ζῶντας
1037 1381 1114 1431 οὓς
1146 1380 1303 1423 ἔκτειν’
1333 1381 1429 1435 ἐγώ.

258 1458 348 1497 ΧΟ.
403 1452 459 1508 ’ἦ
493 1456 574 1509 γὰρ
607 1458 812 1504 καθεῖλες
845 1457 995 1509 Θρῇκα
1027 1451 1098 1495 καὶ
1130 1460 1303 1507 κρατεῖς
1335 1451 1484 1507 ξένου,

436 1525 669 1580 δέσποινα,
701 1525 774 1568 καὶ
809 1525 1022 1579 δέδρακας
1055 1519 1208 1578 οἷάπερ
1241 1523 1397 1578 λέγεις;

258 1600 352 1640 ΕΚ.
441 1599 539 1648 ὄψει
571 1613 644 1639 νιν
677 1593 816 1639 αὐτίκ’
847 1597 952 1639 ὄντα
985 1596 1199 1651 δωμάτων
1230 1595 1368 1651 πάρος

435 1669 606 1723 τυφλὸν
638 1672 792 1725 τυφλῷ
825 1669 1052 1723 στείχοντα
1082 1669 1328 1724 παραφόρςῡ
1361 1668 1486 1720 ποδί,
1693 1678 1784 1709 1050

432 1741 606 1782 παίδων
638 1755 683 1782 τε
717 1741 884 1782 δισσῶν
917 1736 1110 1794 σώμαθ’,
1143 1738 1220 1787 οὓς
1253 1736 1406 1780 ἔκτειν’
1438 1737 1522 1792 ἐγὼ

434 1814 518 1854 σὺν
550 1819 644 1861 ταῖς
677 1811 874 1865 ἀρίσταις
914 1811 1132 1867 Τρῳάσιν·
1165 1810 1294 1864 δίκην
1327 1809 1379 1851 δέ
1408 1825 1482 1864 μοι

435 1882 615 1925 δέδωκε·
649 1890 783 1936 χωρεῖ
815 1880 872 1931 δ’,
907 1882 965 1931 ὡς
998 1881 1124 1937 ὁρᾷς,
1157 1878 1222 1921 ὅδ’
1255 1879 1303 1922 ἐκ
1336 1881 1499 1935 δόμων.

436 1953 530 1996 ἀλλ’
563 1954 762 1996 ἐκποδὼν
795 1953 942 2006 ἄπειμι
974 1950 1305 2006 κάποστήσομαι

441 2030 569 2082 θυμῷ
603 2024 749 2079 ῥέοντι
784 2021 925 2079 Θρῃκὶ
958 2022 1294 2079 δυσμαχωτάτῳ.
1696 2034 1786 2065 1055

381 2195 470 2226 1036
499 2193 535 2225 et
564 2193 653 2224 1038
681 2203 733 2235 χο.
762 2188 877 2234 praef.
904 2188 1021 2223 AaE
1043 2187 1162 2232 ἡμιχο.
1189 2186 1318 2222 LGa2
1405 2191 1515 2231 ,1036
1545 2188 1690 2234 Θρῃκὸς
1715 2200 1784 2223 0111.

259 2249 289 2281 Α
394 2249 482 2279 1037
517 2242 627 2278 τέκνα
662 2245 696 2278 A
736 2256 787 2278 ων
819 2253 897 2286 sup.
927 2255 950 2275 α
983 2252 1049 2275 scr.
1077 2240 1129 2275 ΑΙ
1156 2255 1179 2275 α
1213 2251 1304 2275 eras,
1340 2242 1377 2275 et
1408 2254 1459 2276 ων
1491 2241 1530 2275 111
1559 2256 1582 2275 α
1616 2252 1704 2276 corr.
1733 2241 1786 2276 Α2

257 2298 395 2334 τέκνων
422 2298 549 2333 LGa2
572 2300 576 2341 1
600 2296 804 2340 δυστήνους
830 2293 977 2340 σφαγάς
1003 2295 1037 2329 L
1118 2297 1207 2328 1039
1235 2293 1282 2338 μὴ
1311 2295 1350 2329 Ε
1373 2307 1408 2329 οι
1434 2306 1512 2339 sup.
1540 2294 1562 2339 ὴ
1589 2306 1655 2329 scr.
1684 2294 1738 2330 E2

260 2356 350 2386 1040
377 2351 461 2386 fort.
489 2350 604 2396 βαλὸν
631 2349 699 2394 γὰρ
717 2378 721 2383 .
741 2378 746 2383 .
763 2348 959 2392 ἀναρρήξω
986 2350 1133 2393 μοχλοῖς
1232 2351 1320 2382 1041
1349 2349 1436 2382 ante
1462 2360 1492 2382 v.
1521 2361 1574 2393 χο.
1602 2350 1636 2384 Α
1663 2348 1783 2394 ’ἡμιχσ

258 2406 353 2448 ΓΑΞ,
385 2403 632 2448 Polymestori
666 2402 839 2437 tribuunt
863 2413 953 2444 reo,
987 2400 1050 2435 cfr.
1079 2400 1192 2435 schol.
1220 2406 1334 2435 ταῦτα
1361 2399 1403 2435 δέ
1428 2413 1542 2446 φησιν
1569 2402 1618 2442 ὡς
1643 2400 1786 2447 βάλλων

257 2458 388 2499 λίθους
420 2460 458 2492 et
490 2457 553 2491 καὶ
585 2461 719 2491 τοῦτον
751 2455 794 2490 δέ
825 2468 921 2495 τινες
949 2454 1015 2490 τὸν
1041 2452 1164 2499 στίχον
1191 2454 1265 2488 ἀπὸ
1292 2460 1356 2488 τοῦ
1383 2453 1669 2499 Πολυμήστορός
1695 2467 1786 2499 φασι

257 2511 430 2556 λέγεσθαι
469 2511 517 2551 ὡς
554 2509 752 2556 βάλλοντος
874 2512 964 2542 1042
999 2508 1095 2553 ΧΟ.]
1135 2506 1197 2541 cfr.
1239 2506 1350 2542 schol.
1391 2520 1414 2542 (ι
1450 2508 1491 2542 τὸ
1530 2506 1571 2542 δὲ
1608 2507 1781 2554 βούλεσθ’

258 2563 528 2608 ἐπεισπέσωμεν
547 2569 612 2598 τοῦ
633 2560 830 2607 ἡμιχορίου
852 2563 857 2607 l
881 2559 1150 2605 ἐπεισπέσωμεν
1171 2571 1295 2595 omnes
1309 2560 1406 2595 libri.
1433 2572 1515 2595 cum
1529 2573 1562 2596 ει
1576 2561 1787 2596 evanuisset

257 2619 295 2653 in
322 2620 374 2662 A,
407 2618 462 2653 Α2
495 2629 561 2652 scr.
593 2631 606 2651 ι
729 2619 819 2650 1043
846 2617 931 2660 post
961 2628 999 2649 τε
1032 2625 1178 2649 erasum
1209 2613 1356 2648 videtur
1386 2615 1450 2649 καὶ
1481 2614 1520 2648 111
1552 2616 1587 2649 Α
1623 2616 1626 2660 Ι
1661 2625 1786 2649 versus

259 2673 452 2716 suspectus
577 2674 667 2705 1045
694 2667 838 2715 κόραις]
870 2668 954 2703 fort.
986 2667 1132 2707 κύκλοις
1255 2671 1344 2702 1046
1372 2667 1473 2702 delet
1498 2667 1597 2702 Weil
1631 2703 1645 2717 θ
1696 2671 1784 2701 1047

260 2726 355 2771 ΧΟ.]
386 2725 504 2770 ἡμιχο.
531 2724 565 2758 L
598 2724 601 2770 Ι
633 2722 655 2768 ἢ
682 2725 717 2758 A
743 2719 765 2767 ἧ
792 2722 846 2757 Α2
879 2724 882 2766 Ι
915 2720 1021 2764 ξένον
1049 2721 1137 2755 olim
1163 2721 1352 2755 Hermann
1451 2724 1540 2755 1049
1568 2719 1633 2765 ὄψ’
1656 2726 1679 2766 ῆ
1705 2720 1786 2765 (sio)

258 2781 292 2813 Α
321 2778 407 2823 ὄψει
433 2778 487 2813 A²
518 2781 522 2823 Ι
556 2776 690 2824 πάρος]
717 2775 830 2816 πέλας
858 2776 891 2811 G
1011 2778 1102 2809 1050
1129 2774 1173 2809 Cf.
1202 2774 1314 2809 schol.
1342 2773 1473 2808 Aeseh.
1502 2774 1600 2819 Sepb.
1622 2777 1689 2807 623

261 2836 348 2866 1051
377 2831 462 2866 fort.
489 2829 645 2866 παίδοιν
670 2843 707 2865 τε
735 2831 877 2864 δισσοῖν
995 2832 1084 2862 1052
1111 2827 1246 2871 τρωάσι
1273 2828 1307 2862 L
1418 2830 1507 2861 1055
1534 2825 1650 2869 ζέοντι
1678 2837 1747 2860 rec.

260 2884 548 2931 δυσμαχωτάτῳ]
590 2898 645 2930 γρ.
684 2882 971 2931 δυσγενεστάτωι
1010 2893 1189 2928 superscr.
1229 2882 1270 2917 α]
1309 2880 1451 2916 scholia
1488 2879 1652 2914 scribens
1689 2878 1726 2924 (i.
1753 2889 1783 2913 e.

261 2937 551 2985 δυσμενεστάτῳ)
