1929 3208
861 156 945 190 ΙΩΝ
1611 154 1664 195 37

350 264 376 319 ἢ
410 265 679 320 φαρμάκοισι
711 265 792 306 σὸν
824 270 1098 306 κατακτεῖναι
1130 265 1262 305 πόσιν
1598 274 1665 305 845

352 335 424 377 καὶ
456 337 605 389 παῖδα,
639 334 744 390 πρὶν
777 335 848 377 σοὶ
879 336 1080 377 θάνατον
1113 334 1159 376 ἐκ
1190 336 1349 376 κείνων
1381 337 1547 388 μολεῖν.

352 407 412 463 [εἰ
441 407 524 462 γάρ
556 405 595 460 γ’
633 407 819 460 ὑφήσεις
851 403 991 455 τοῦδ’,
1024 405 1248 460 ἀπαλλάξῃ
1281 406 1401 459 βίου.

352 480 480 520 δυοῖν
513 478 596 532 γὰρ
630 477 812 532 ἐχθροῖν
845 478 908 526 είς
939 477 987 518 ἓν
1021 476 1254 518 ἐλθόντοιν
1287 474 1454 530 στέγος,

349 548 375 603 ἢ
403 549 595 602 θάτερον
627 548 709 603 χρὴ
743 549 977 601 δυστυχεῖν
1008 547 1035 602 ἢ
1066 547 1291 600 θάτερον.]

353 619 438 674 ἐγὼ
472 617 551 674 μὲν
583 616 664 662 οὖν
697 630 767 661 σοι
799 616 871 660 καὶ
904 625 1196 660 συνεκπονεῖν
1228 616 1361 669 θέλω,
1597 629 1664 660 850

349 690 419 733 καὶ
452 691 752 746 συμφονεύειν
783 688 904 731 παῖδ’
943 688 1221 730 ὑπεισελθὼν
1254 689 1419 743 δόμους

353 758 406 803 οὗ
440 759 562 803 δαῖθ’
600 761 775 812 ὁπλίζει,
808 758 878 800 καὶ
911 766 1095 814 τροφεῖα
1128 759 1360 808 δεσπόταις

348 832 543 882 ἀποδοὺς
573 836 732 873 θανεῖν
764 846 809 873 τε
844 832 926 881 ζῶν
958 846 1002 872 τε
1036 829 1200 885 φέγγος
1232 831 1422 885 εἰσορᾶν.

348 904 396 945 ἓν
427 903 510 957 γάρ
541 918 582 944 τι
614 909 705 952 τοῖς
738 901 967 944 δούλοισιν
1000 901 1216 956 αἰσχύνην
1248 900 1387 956 φέρει,

351 974 562 1029 τοῦνομα·
594 974 646 1015 τὰ
679 971 719 1015 δ’
756 974 866 1014 ἄλλα
897 972 1039 1014 πάντα
1070 979 1158 1014 τῶν
1192 971 1444 1027 ἐλευθέρων
1596 984 1663 1014 355

350 1043 483 1087 οὐδὲν
515 1047 679 1087 κακίων
714 1045 889 1098 δοῦλος,
921 1044 1040 1094 ὅστις
1072 1043 1234 1094 ἐσθλὸς
1264 1038 1304 1099 ἦ.

137 1120 227 1159 ΧΟ.
352 1116 486 1170 κάγώ,
519 1118 625 1170 φίλη
659 1114 885 1168 δέσποινα,
920 1116 1156 1170 συμφορὰν
1188 1113 1307 1157 θέλω

348 1186 613 1242 κοινουμένη
647 1184 768 1241 τήνδ’
806 1187 832 1241 ἢ
869 1190 1027 1228 θανεῖν
1062 1186 1087 1241 ἢ
1121 1189 1195 1241 ζῆν
1226 1189 1379 1236 καλῶς.

137 1261 222 1300 KP.
349 1256 381 1300 ὦ
414 1259 547 1313 ψυχά,
579 1266 670 1307 πῶς
702 1258 889 1312 σιγάσω;

349 1337 440 1379 πῶς
472 1327 519 1371 δὲ
552 1331 728 1379 σκοτίας
760 1328 974 1383 ἀναφήνω
1595 1340 1663 1370 860

347 1401 491 1455 εὐνάς,
523 1401 677 1450 αἰδοῦς
710 1397 749 1442 δ’
786 1400 1069 1454 ἀπολειφθῶ;

347 1474 390 1513 τί
419 1473 501 1526 γὰρ
535 1471 746 1526 ἐμπόδιον
778 1467 943 1526 κώλυμ’
980 1473 1041 1513 ἔτι
1074 1487 1171 1526 μοις

347 1544 456 1597 πρὸς
486 1541 572 1584 τίν’
609 1541 740 1597 ἀγῶν’
780 1542 834 1584 ἂν
866 1539 1072 1598 θείμεσθ’
1109 1542 1277 1597 ἀρετῆς,

350 1610 403 1655 οὗ
434 1615 560 1664 πόσις
591 1613 715 1669 ἡμῶν
747 1615 967 1669 προδότης
997 1611 1200 1668 γέγονεν;

346 1683 553 1740 στέρομαι
586 1681 628 1726 δ’
666 1689 815 1739 οἴκων,
848 1684 1056 1740 στέρομαι
1087 1686 1272 1738 παίδων,
1591 1695 1660 1726 865

348 1757 543 1812 φροῦδαι
576 1754 616 1798 δ’
651 1755 836 1810 ἐλπίδες,
871 1755 920 1806 ἃς
953 1755 1193 1798 διαθέσθαι

345 1825 564 1883 χρῄζουσα
596 1830 737 1876 καλῶς
770 1827 850 1869 οὐκ
882 1826 1124 1882 ἐδυνήθην,

347 1905 513 1952 σιγῶσα
544 1898 724 1953 γάμους,

345 1977 512 2023 σιγῶσα
543 1971 700 2019 τόκους
730 1970 1072 2019 πολυκλαύτους.

345 2039 438 2082 ἀλλ’
478 2041 530 2082 οὐ
563 2041 610 2082 τὸ
644 2041 754 2090 Διὸς
784 2040 1063 2096 πολύαστρον
1095 2040 1195 2090 ἕδος
1591 2052 1658 2084 870

345 2109 416 2152 καὶ
448 2112 529 2166 τὴν
561 2110 626 2153 ἐπ’
665 2111 785 2166 ἐμοῖς
817 2111 1070 2154 σκοπέλοισι
1102 2112 1216 2153 θεὰν

228 2268 294 2298 845
329 2263 430 2298 delet
461 2266 499 2298 et
531 2267 597 2298 846
631 2263 761 2298 scribit
793 2263 858 2298 τὸν
888 2266 1008 2299 παῖδα
1036 2294 1042 2299 .
1071 2295 1076 2299 .
1105 2264 1144 2299 ἐκ
1176 2263 1301 2300 κείνου
1336 2267 1459 2309 μολεῖν
1491 2265 1659 2299 Badham

227 2320 295 2352 846
327 2316 500 2352 θάνατον
532 2315 682 2352 ἐκείνων
709 2318 745 2352 P
863 2321 930 2352 847
967 2318 999 2352 εἰ
1037 2318 1105 2363 γάρ
1144 2319 1378 2364 postmodum
1419 2318 1589 2353 additum
1621 2318 1659 2352 in

135 2369 256 2416 spatio
282 2382 397 2405 vacuo
423 2370 554 2405 relicto
580 2370 619 2404 in
645 2371 689 2405 L.
735 2370 891 2405 Versum
918 2370 1055 2406 delevit
1081 2371 1246 2406 Dindorf.
1359 2376 1426 2406 848
1442 2383 1493 2415 sq.
1522 2371 1660 2406 delevit

134 2424 303 2458 Badham
419 2427 486 2458 849
513 2423 597 2470 χρὴ]
625 2423 766 2469 scripsi,
799 2426 857 2459 δεῖ
882 2425 960 2459 LP
1071 2428 1137 2459 851
1166 2425 1411 2471 ὑπεισελθὼν]
1438 2424 1657 2465 Wakefield,

134 2477 358 2511 ἐπεισελθὼν
378 2478 456 2512 LP
475 2478 480 2522 Ι
503 2475 640 2521 δόμους
660 2477 738 2512 eod.
759 2477 928 2512 Riccard.
951 2482 1006 2523 32,
1033 2476 1161 2523 δόμοις
1181 2479 1260 2513 LP
1331 2482 1398 2512 854
1424 2492 1454 2512 τι
1478 2479 1523 2521 L,
1549 2490 1601 2512 τοι
1628 2478 1662 2511 Ρ

228 2533 295 2564 856
317 2529 443 2576 οὐδὲν]
463 2530 618 2574 Dobme,
646 2531 768 2571 οὐδεὶς
788 2532 867 2566 LP
932 2535 999 2566 857
1012 2543 1063 2576 sq.
1092 2532 1175 2566 fort.
1203 2537 1394 2575 συμφορᾶς
1416 2560 1421 2565 .
1445 2560 1450 2565 .
1472 2529 1576 2575 τῆσδ’

133 2587 201 2617 858
231 2584 304 2624 ζεῖν
331 2583 374 2625 P,
407 2585 471 2627 ζῆν
492 2595 521 2628 p
594 2587 662 2618 860
688 2583 771 2619 fort.
799 2583 976 2625 σκοτίους.
1027 2584 1097 2619 Cfr.
1125 2584 1203 2619 Alc.
1233 2589 1299 2618 125
1372 2588 1439 2619 863
1467 2582 1579 2628 ἀγῶν’
1611 2582 1658 2618 ἂν

135 2634 328 2682 θείμεσθ’]
348 2636 386 2670 L.
408 2635 575 2680 Dindorf‚
599 2636 726 2681 ἀγῶνα
746 2635 939 2682 τιθέμεσθ’
964 2639 1051 2682 LP,
1077 2638 1226 2683 ἀγῶνας
1244 2635 1437 2681 τιθέμεσθ’
1463 2637 1657 2681 Musgrave

228 2686 376 2735 86405]
397 2688 552 2733 Dobree,
573 2690 616 2724 οὐ
637 2691 716 2724 LP
735 2691 739 2735 l
763 2689 887 2735 γέγονε
910 2691 945 2724 Ρ
1021 2693 1089 2725 865
1111 2689 1282 2734 στέρομαι
1302 2688 1459 2733 παίδων,
1486 2688 1657 2734 στέρομαι

133 2741 168 2777 δ’
199 2741 311 2777 οἴκων
337 2741 468 2776 Nauck
589 2746 656 2777 866
684 2742 729 2783 ἃς
760 2743 806 2788 δὴ
838 2742 979 2778 θέσθαι
1009 2744 1233 2778 Herwerden
1354 2747 1421 2777 867
1449 2742 1656 2790 ἐδυνήθην]

133 2795 307 2840 Elmsley,
335 2794 528 2840 ἐδυνάθην
553 2798 643 2830 mut.
671 2795 708 2829 in
735 2795 949 2841 ἐδυνάσθην
969 2798 1015 2841 L,
1043 2796 1257 2841 ἐδυνάσθην
1277 2798 1321 2841 Ρ,
1348 2796 1541 2841 ἐδυνάθην
1568 2797 1656 2832 olim

133 2848 296 2892 Elmsley
400 2852 467 2883 869
494 2849 781 2896 πολυκλαύτους]
808 2861 828 2884 σ
854 2852 941 2884 ante
965 2863 985 2884 τ
1011 2861 1102 2884 eras
1142 2848 1179 2883 in
1200 2849 1235 2883 L
1338 2852 1406 2884 870
1432 2849 1472 2884 τὸ
1493 2850 1580 2894 LP,
1606 2850 1656 2895 μὰ

134 2912 310 2946 superscr.
339 2902 351 2936 I
