1929 3208
283 206 338 243 ἶν’
910 211 1180 244 ΕΥΡΙΠΙΔΟΥ

461 320 628 368 χρυσοῦ
661 310 698 354 τ’
730 315 881 369 ’ὄνησις
914 321 1077 371 οἴχεται
1109 316 1260 366 παῖδές
1292 333 1336 358 τε
1369 316 1439 359 σοὶ

461 385 592 435 αὐτός
623 402 667 426 τε
700 387 908 440 πράσσεις
941 385 1036 429 ὧδε.
1100 387 1170 429 σοὶ,
1203 386 1242 429 δ’
1275 388 1359 442 ἐγὼ
1393 387 1524 442 λέγω,

457 454 749 509 Ἀγάμεμνον,
783 459 823 498 εἰ
852 455 955 514 τῷδ’
986 457 1201 511 ἀρκέσεις,
1236 461 1368 508 κακὸς
1400 465 1538 514 φανῇ·

459 525 551 567 οὔτ’
585 528 743 582 εὐσεβῆ
776 529 857 582 γὰρ
892 529 991 571 οὔτε
1024 531 1181 571 πιστὸν
1214 524 1280 579 οἷς
1312 529 1463 584 ἐχρῆν,

459 598 538 652 οὐχ
572 599 717 648 ὅσιον,
751 599 805 641 οὐ
838 601 1011 641 δίκαιον
1044 597 1092 641 εὖ
1126 601 1300 653 δράσεις
1333 599 1480 650 ξένον·
1715 614 1804 643 1235

458 669 592 710 αὐτὸν
626 668 672 711 δὲ
705 673 874 725 χαίρειν
906 678 997 720 τοῖς
1028 679 1201 713 κακοῖσι
1233 673 1434 726 φήσομεν

456 746 662 782 τοιοῦτον
696 742 820 783 ὄντα·
855 743 1066 791 δεσπότας
1100 740 1140 783 δ’
1171 743 1224 784 οὐ
1257 744 1459 796 λοιδορῶ.

286 814 369 851 XO.
458 817 543 862 φεῦ
575 817 679 865 φεῦ“
712 815 938 866 βροτοῖσιν
971 814 1029 862 ὡς
1061 815 1112 854 τὰ
1144 815 1308 868 χρηστὰ
1341 813 1570 868 πράγματα

457 890 658 935 χρηστῶν
691 883 893 938 ἀφορμὰς
926 880 1130 926 ἐνδίδωσ’
1162 883 1227 925 ἀεὶ
1261 887 1417 939 λόγων.

282 956 366 994 AI‘.
458 953 644 1008 ἀχθεινὰ
678 953 758 1008 μέν
790 972 864 1009 μοι
897 955 1129 1009 τάλλότρια
1161 958 1330 1010 κρίνειν
1362 957 1494 1006 κακά,
1716 968 1802 998 1240

456 1026 571 1079 ὅμως
605 1022 645 1066 δ’
675 1026 860 1110 ἀνάγκη·
894 1025 963 1067 καὶ
997 1028 1080 1082 γὰρ
1113 1028 1330 1082 αἰσχύνην
1362 1026 1506 1082 φέρει,

455 1095 619 1182 πρᾶγμ’
653 1097 696 1145 ἐς
725 1096 854 1179 χέρας
887 1097 1063 1151 λαβόντ’
1096 1098 1360 1140 ἀπώσασθαι
1392 1100 1503 1140 τόδε.

457 1166 552 1208 εἰιοὶ
585 1166 644 1221 δ’,
676 1165 733 1209 ἴ’ν
765 1169 906 1223 εἰδῇς,
941 1167 1032 1210 οὔτ’
1065 1169 1173 1223 ἐμὴν
1207 1170 1350 1219 δοκεῖς
1381 1170 1509 1223 χάριν

455 1234 547 1279 οὔτ’
580 1235 661 1279 οὖν
690 1237 874 1293 Ἀχαιῶν
907 1238 1033 1290 ἄνδρ’
1065 1240 1317 1282 ἀποκτεῖναι
1350 1238 1497 1293 ξένον,

455 1305 549 1350 ἀλλ’
581 1310 639 1359 ὡς
670 1311 769 1365 ὲχῃς
801 1311 878 1352 τὸν
911 1312 1078 1365 χρυσὸν
1110 1311 1158 1352 ἐν
1192 1312 1367 1366 δόμοισι
1400 1319 1505 1361 σοῖς.
1712 1323 1800 1354 1245

455 1379 594 1434 λέγεις
627 1378 675 1422 δὲ
707 1387 854 1439 σαυτῷ
887 1379 1108 1437 πρόσφορ’
1139 1382 1186 1424 ἐν
1218 1390 1418 1425 κακοῖσιν
1451 1383 1523 1424 ὤν.

452 1450 545 1506 τάχ’
577 1449 659 1494 οὖν
691 1450 793 1507 παρ’
825 1453 931 1507 ὑμῖν
964 1451 1122 1509 ῥᾴδιον
1156 1454 1449 1504 ξενοκτονεῖν·

452 1522 557 1576 ἡμῖν
591 1523 643 1564 δέ
671 1520 710 1577 γ’
742 1525 926 1579 αἰσχρὸν
956 1532 1099 1567 τοῖσιν
1121 1523 1330 1579 ’Έλλησιν
1363 1526 1474 1567 τόδε.

452 1602 544 1643 πῶς
576 1591 658 1636 οὖν
690 1606 738 1636 σε
770 1597 924 1650 κρίνας
956 1597 1013 1650 μὴ
1048 1596 1217 1638 ἀδικεῖν
1248 1597 1375 1650 φύγω
1408 1597 1570 1649 ψόγους

453 1665 533 1706 οὐκ
566 1665 620 1707 ἂν
654 1667 886 1721 δυναίμην.
949 1665 1043 1709 ἀλλ’
1075 1665 1166 1709 ἐπεὶ
1198 1669 1250 1709 τὰ
1282 1668 1339 1722 μὴ
1372 1668 1482 1708 καλὰ
1709 1679 1799 1709 1250

451 1737 665 1791 πράσσειν
697 1737 899 1793 ἐτόλμας,
932 1741 1064 1792 τλῆθι
1095 1737 1166 1780 καὶ
1199 1739 1250 1779 τὰ
1282 1739 1339 1793 μὴ
1373 1740 1494 1792 φίλα.

275 1810 426 1849 HAM.
455 1812 592 1863 οἴμοι,
624 1811 854 1863 γυναικός,
889 1810 947 1859 ὡς
979 1809 1105 1864 ἔοιχ’,
1138 1810 1394 1864 ἡσσώμενος

452 1880 616 1934 δούλης
647 1879 792 1935 ὑφέξω
825 1888 918 1930 τοῖς
948 1884 1149 1923 κακίοσιν
1184 1882 1323 1935 δίκην.

274 1952 364 1991 ΕΚ.
452 1951 617 1993 οὔκουν
651 1952 850 2006 δικαίως,
884 1957 1004 2006 εἴπερ
1037 1952 1224 2005 εἰργάσω
1256 1952 1385 2002 κακά;

273 2024 422 2062 ΠΛΜ
450 2026 569 2076 οἴμοι
599 2021 766 2064 τέκνων
798 2022 931 2065 τῶνδ’
962 2023 1167 2078 ὀμμάτων
1199 2021 1239 2063 τ’
1271 2023 1406 2077 ἐμῶν,
1438 2022 1581 2072 τάλας.
1704 2033 1795 2064 1255

273 2094 363 2132 ΕΚ.
451 2092 614 2146 ἀλγεῖς·
646 2096 692 2135 τί
721 2091 778 2144 δ’;
812 2091 837 2147 ἦ
865 2091 935 2148 ’μὲ
967 2095 1124 2144 παιδὸς
1156 2094 1237 2136 οὐκ
1270 2093 1421 2147 ἀλγεῖν
1454 2094 1618 2144 δοκεῖς;

273 2166 425 2205 ΠΛΜ
452 2167 618 2218 χαίρεις
649 2164 873 2219 ὑβρίζουσ’
905 2166 966 2215 εἰς
998 2163 1082 2220 ἔμ’,
1115 2163 1148 2207 ὦ
1180 2171 1403 2220 πανοῦργε
1436 2165 1510 2215 σύ;

391 2285 479 2315 1231
502 2281 585 2316 forfi.
608 2280 754 2317 παίδων
774 2281 815 2317 τέ
833 2294 891 2317 σοι
968 2286 1057 2316 1233
1080 2288 1195 2326 φανεῖ
1213 2283 1292 2317 BG
1312 2284 1429 2327 (φανῆ
1450 2282 1484 2326 b)
1554 2284 1644 2316 1234
1665 2281 1793 2316 εὐσε**

270 2335 305 2368 Α
332 2335 461 2380 εὐσεβῆ
482 2335 536 2369 A2
559 2338 562 2378 Ι
586 2335 670 2370 fort.
693 2333 760 2370 οἷσι
785 2341 877 2380 χρῆν
977 2339 1066 2369 1235
1089 2332 1128 2369 εὖ
1150 2335 1314 2381 δράσεις]
1342 2332 1468 2378 ἔδρασ’
1492 2335 1544 2374 εἰς
1563 2347 1586 2368 ιι
1613 2334 1795 2379 corrigere

271 2387 394 2432 coepit
414 2388 455 2422 α2
531 2393 620 2423 1236
648 2395 793 2423 κακοῖσι
813 2389 1047 2434 Heimsoeth]
1070 2395 1215 2423 κακοῖσι
1236 2400 1274 2423 σε
1296 2390 1331 2422 Β
1357 2393 1486 2428 κακοῖς
1512 2399 1550 2422 σε
1568 2400 1588 2422 ι·
1614 2389 1665 2433 (σε
1685 2398 1792 2422 rescr.

269 2441 337 2485 ΑΞ)
411 2445 500 2475 1237
528 2442 612 2477 Ἑοϊί).
635 2441 816 2483 δεσπότας
836 2443 878 2477 οὐ
955 2446 1044 2476 1242
1065 2448 1189 2487 χεῖρας
1208 2442 1332 2477 ABG
1408 2444 1498 2475 1243
1519 2441 1600 2485 ἐμοὶ
1619 2440 1658 2474 in
1677 2452 1748 2475 ras.
1771 2441 1794 2484 Ζ,

270 2494 303 2527 L
335 2494 374 2527 in
406 2506 521 2539 marg.
556 2506 623 2529 scr.
657 2495 736 2539 ἐμοὶ
860 2499 950 2530 1244
977 2493 1044 2530 οὗν
1071 2506 1140 2530 om.
1168 2496 1202 2528 L
1322 2498 1411 2528 1245
1439 2494 1522 2540 ἔχῃς
1547 2493 1792 2539 aELA²b9]

270 2546 361 2592 ἔχεις
386 2549 511 2583 ABG
538 2547 633 2593 ἔχοις
660 2550 672 2583 Ζ
693 2550 697 2594 Ι
721 2547 849 2593 δόμοις
875 2555 969 2583 σοῖσι
994 2550 1030 2583 Α
1129 2552 1219 2582 1248
1247 2547 1367 2593 ἕλλησι
1391 2549 1472 2583 AB
1571 2551 1660 2582 1249
1688 2548 1793 2592 μηδι-

269 2624 347 2653 κεῖν
377 2620 410 2654 G
435 2619 483 2664 μὴ
506 2617 641 2654 ’δικεῐν
666 2632 688 2665 (J
786 2624 877 2654 1253
903 2618 1072 2654 κακίοσι*
1100 2632 1123 2654 ιι
1148 2618 1296 2654 κακίοσι
1322 2620 1402 2654 BG-
1495 2621 1586 2653 1254
1613 2608 1656 2653 έξῗ
1676 2617 1791 2662 praef.

272 2690 320 2735 G]
347 2681 398 2734 ἁξῖ
426 2703 444 2725 r
478 2692 482 2736 Ι
518 2690 655 2725 οὔκουν
681 2691 846 2736 Brunck]
881 2692 1017 2726 οὐκοῦν
1046 2690 1132 2725 libri
1159 2691 1241 2735 (οὐκ
1267 2688 1334 2725 οὖν
1360 2690 1440 2735 aG)
1475 2691 1479 2734 Ι
1514 2689 1670 2735 εἰργάσω
1695 2687 1792 2724 κακά

270 2742 370 2786 (τάδε
396 2744 460 2789 Lj›]
488 2744 601 2779 schol.
629 2755 698 2778 ree.
726 2744 764 2777 in
789 2744 896 2778 Hom.
923 2744 963 2778 ΙΙ.
993 2746 1034 2778 N
1051 2748 1118 2778 153
1144 2744 1206 2778 καὶ
1234 2743 1252 2778 ὁ
1278 2742 1499 2788 Εὐριπίδης·
1528 2743 1665 2778 οὐκοῦν
1691 2741 1790 2785 εἴπερ

269 2795 338 2840 εἶ’ρς
341 2808 458 2830 ασται
495 2797 677 2842 (εἰργασαι
709 2797 862 2841 Pomon)
895 2797 983 2831 τάδε
1107 2801 1196 2831 1255
1227 2795 1339 2831 τῶνδ’
1370 2796 1542 2840 ὀμμάτων
1572 2794 1625 2841 τ’]
1651 2800 1724 2829 τῶν
1754 2791 1786 2827 τ’

269 2849 442 2893 ὀιιιιάτων
469 2852 504 2885 Β
536 2848 649 2885 τῶνδ’
679 2849 851 2894 ὀμμάτων
878 2850 911 2884 L
943 2848 977 2884 τ’
1006 2853 1091 2895 post
1117 2849 1290 2895 ὀμμάτων
1317 2850 1401 2884 add.
1430 2850 1442 2883 l
1562 2851 1651 2882 1256
1678 2845 1712 2881 τί
1737 2845 1791 2890 δ’,

268 2899 289 2946 ἠ
314 2901 369 2946 ἰιὲ
397 2903 531 2949 Bothe]
562 2902 597 2937 τί
624 2903 666 2938 δέ
692 2916 733 2947 με
760 2904 959 2939 AaBEL
985 2902 1019 2937 τί
1046 2902 1109 2938 ὁαί
1136 2916 1177 2948 με
1207 2903 1289 2939 Ga²
1314 2901 1348 2937 τί
1374 2901 1410 2936 δ’
1434 2902 1544 2946 ἡμᾶς,
1578 2900 1742 2945 Scaliger

270 2960 358 2990 1257
387 2972 433 3002 χι.
437 2956 530 3000 ι’ροις
556 2959 596 2992 Ε
