1929 3208
777 167 944 200 EAENH
1567 166 1620 207 27

101 276 227 316 ΑΓΓ.
276 273 388 328 λέγω
418 275 584 325 πόνους
615 285 663 316 σε
695 276 882 329 μυρίους
911 277 1067 329 τλῆναι
1098 274 1252 329 μάτην.

100 348 201 387 ΜΕ.
273 346 436 387 παλαιὰ
466 349 650 400 θρηνεῖς
680 342 862 400 πήματ’·
895 344 1119 400 ἀγγέλλεις
1151 343 1198 387 δὲ
1230 346 1291 395 τίς

100 417 225 458 ΑΓΓ.
276 415 462 470 βέβηκεν
494 417 652 471 ἄλοχος
684 417 736 471 σὴ
768 417 878 471 πρὸς
908 415 1090 471 αἰθέρος
1120 417 1286 472 πτυχὰς
1555 427 1622 458 605

276 485 450 541 ἀρθεῖσ’
486 487 699 541 ἄφαντος·
733 486 909 545 οὐρανῷ
944 485 991 528 δὲ
1022 487 1258 541 κρύπτεται

275 555 449 599 λιποῦσ’
487 559 651 612 ἔρημον
683 558 847 612 ἄντρον
879 554 933 599 οὗ
965 553 1042 612 σφ’
1078 555 1310 614 ἐσῴζομεν,

275 629 460 670 τοσόνδε
492 626 658 679 λέξασ’·
691 625 724 670 ὦ
756 630 1026 683 ταλαίπωροι
1062 629 1234 682 Φρύγες

275 698 459 749 τάλανές
489 697 526 740 τ’
560 695 737 753 Ἀχαιοί,-
771 697 828 740 δι’
865 697 932 753 ἔμ’
968 697 1038 741 ἐπὶ
1070 699 1401 754 Σκαμανδρίοις

276 769 476 811 ἀκταῖσιν
498 767 640 824 ”Ηρας
671 776 884 824 μηχαναῖς
915 767 1169 825 ἐθνῄσκετε,
1229 779 1241 791 ³
1554 781 1622 810 61⁰

279 841 516 890 δοκοῦντες
543 839 724 895 Ἑλένην
756 840 837 882 οὐκ
869 839 1010 895 ἔχοντ’
1047 841 1162 895 ἔχειν
1195 840 1356 895 Πάριν.

275 910 359 964 ἐγὼ
393 908 452 965 δ’,
484 910 633 966 ἐπειδὴ
665 912 828 966 χρόνον
861 909 995 966 ἔμειν’
1031 911 1139 953 ὅσον
1171 927 1222 966 με
1254 917 1379 966 χρῆν,

273 982 322 1023 τὸ
355 983 573 1038 μόρσιμον
605 982 798 1035 σώσασα,
830 978 980 1037 πατέρ’
1017 982 1061 1032 ἐς
1093 982 1288 1037 οὐρανὸν

277 1052 445 1107 ἄπειμι·
478 1054 625 1107 φήμας
656 1048 695 1094 δ’
730 1051 757 1106 ἡ
789 1052 972 1094 τάλαινα
1009 1052 1230 1108 Τυνδαρὶς

275 1123 417 1172 ἄλλως
446 1123 581 1173 κακὰς
611 1124 802 1177 ἤκουσεν
834 1121 967 1165 οὐδὲν
998 1124 1127 1165 αἰτία.
1557 1135 1624 1165 615

275 1191 308 1236 ὦ
341 1201 478 1249 χαῖρε,
511 1195 663 1248 Λήδας
693 1194 905 1249 θύγατερ,
939 1192 1094 1236 ἐνθάδ’
1131 1190 1236 1248 ἧσθ’
1272 1195 1376 1249 ἄρα,

274 1264 357 1318 ἐγὼ
391 1264 443 1307 δέ
471 1264 509 1306 σ’
549 1266 723 1320 ἄστρων
755 1265 814 1315 ὡς
845 1267 1087 1320 βεβηκυῖαν
1117 1267 1284 1320 μυχοὺς

272 1337 489 1390 ἤγγελλον
521 1337 648 1386 εἰδὼς
680 1334 814 1378 οὐδὲν
845 1336 903 1386 ὡς
934 1336 1184 1392 ὑπόπτερον

277 1406 410 1462 δέμας
440 1409 638 1462 φοροίης.
702 1407 782 1449 οὐκ
815 1406 871 1449 ἐῶ
903 1418 951 1449 σε
983 1414 1211 1462 κερτομεῖν

272 1477 384 1533 ἡμᾶς
415 1476 506 1520 τόδ’
544 1474 691 1532 αὖθις,
723 1478 781 1528 ὡς
813 1478 926 1533 ἄδην
959 1478 1007 1520 ἐν
1035 1475 1148 1536 Ἰλίῳ
1555 1490 1623 1521 620

274 1551 440 1599 πόνους
469 1557 672 1604 παρεῖχες
703 1555 765 1607 σῷ
796 1551 922 1592 πόσει
953 1548 1026 1592 καὶ
1058 1550 1313 1605 συμμάχοις.

97 1622 199 1662 ME.
273 1617 391 1662 τοῦτ’
428 1617 516 1662 ἔστ’
551 1620 712 1662 ἐκεῖνο·
746 1620 1013 1675 ξυμβεβᾶσιν
1046 1621 1092 1662 οἱ
1120 1623 1245 1675 λόγοι

275 1691 322 1733 οἱ
348 1687 471 1746 τῆσδ’
508 1691 702 1746 ἀληθεῖς.
765 1688 799 1733 ὦ
831 1693 1044 1742 ποθεινὸς
1073 1691 1230 1747 ἡμέρα,

272 1761 299 1816 ἥ
332 1760 374 1803 σ’
409 1763 471 1812 εἰς
501 1761 605 1817 ἐμὰς
637 1763 802 1804 ἔδωκεν
835 1762 1000 1813 ὠλένας
1031 1765 1196 1817 λαβεῖν.

97 1881 188 1921 ΕΛ.
275 1876 308 1922 ὦ
342 1876 514 1935 φίλτατ’
550 1880 728 1936 ἀνδρῶν
759 1879 1009 1935 Μενέλεως,
1043 1881 1066 1924 ὁ
1099 1879 1181 1936 μὲν
1212 1883 1371 1937 χρόνος
1557 1891 1624 1922 625

271 1953 470 2006 παλαιός,
500 1951 527 2005 ἡ
561 1949 609 1993 δὲ
639 1950 792 2007 τέρψις
824 1951 984 2007 ἀρτίως
1014 1953 1144 2008 πάρα.

276 2023 439 2076 ἔλαβον
470 2020 637 2078 ἀσμένα
669 2024 802 2065 πόσιν
834 2023 955 2078 ε’μόν,
986 2026 1128 2080 φίλαι,

273 2095 379 2147 περί
405 2090 442 2135 τ’
478 2091 664 2136 ἐπέτασα
696 2093 801 2149 χέρα

277 2165 431 2218 φίλιον
462 2163 510 2206 ἐν
541 2171 685 2222 μακρᾷ
717 2163 851 2220 φλογὶ
883 2167 1140 2222 φαεσφόρῳ.

191 2325 259 2356 605
285 2321 426 2367 πτύχας
445 2321 524 2357 LG
610 2325 678 2356 607
698 2320 841 2357 λιποῦσ’
872 2322 1023 2370 ἔρημον]
1044 2323 1172 2367 Cobet,
1199 2325 1356 2358 λιποῦσα
1381 2323 1515 2367 σεμνὸν
1534 2323 1624 2366 LG,

95 2373 238 2409 λιποῦσ’
274 2374 429 2419 ἐρεμνὸν
456 2374 715 2410 Schneidewin
837 2379 905 2410 608
930 2375 1150 2420 ταλαίποροι
1179 2377 1224 2421 G,
1255 2375 1479 2419 ταλαίπωροι
1507 2389 1530 2421 {J

96 2432 164 2462 600
189 2426 358 2474 τάλανες]
378 2427 578 2471 Hermann,
606 2428 742 2469 πάντες
762 2429 840 2464 LG
931 2433 999 2464 610
1026 2430 1213 2476 ἀκταῖσιν]
1239 2430 1323 2464 fort.
1351 2429 1527 2475 ὄχθαισιν
1552 2429 1622 2474 (vel

95 2478 255 2525 ῥοαῖσιν)
365 2485 432 2515 612
459 2479 496 2525 μ’
527 2481 636 2526 ἐχρῆν
662 2482 740 2517 LG-
847 2486 914 2517 613
941 2483 1119 2529 οὐρανὸν]
1145 2483 1227 2518 fort.
1257 2482 1404 2526 αἰθέρα.
1457 2482 1526 2517 Cfr.
1555 2486 1623 2517 584

95 2536 133 2568 et
158 2532 252 2568 Phil.
279 2533 362 2578 quis
394 2545 462 2569 rer.
490 2533 562 2569 div.
590 2533 640 2569 sit
670 2534 770 2570 haer.
798 2546 827 2570 c.
855 2539 898 2570 37
929 2536 958 2580 (Ι
985 2540 1053 2570 513
1079 2536 1220 2582 Mang.)
1251 2536 1291 2571 τὸ
1324 2535 1365 2570 δὲ
1400 2535 1529 2578 νοερὸν
1560 2536 1623 2569 καὶ

95 2586 274 2630 οὐράνιον
293 2592 358 2631 τῆς
382 2592 505 2632 ψυχῆς
529 2585 635 2632 γένος
660 2588 754 2631 πρὸς
778 2587 916 2633 αἰθέρα
937 2618 944 2624 .
968 2619 974 2624 .
995 2590 1044 2630 ὡς
1067 2589 1161 2633 πρὸς
1186 2588 1327 2633 πατέρα
1353 2587 1526 2632 ἀφίξεται

96 2643 164 2674 615
197 2639 281 2674 fort.
318 2638 449 2682 ἤκουεν
582 2644 649 2674 617
683 2641 886 2687 βεβηκυῖαν
919 2642 953 2677 Cr*
985 2645 1022 2677 et
1059 2645 1149 2677 mut.
1189 2642 1228 2676 in
1265 2640 1463 2688 βεβηκυίης
1493 2641 1528 2675 L

96 2696 165 2727 620
191 2692 288 2737 ἄδην
314 2692 404 2736 LG,
437 2693 603 2736 δαψιλῶς
634 2704 812 2738 superscr.
839 2695 870 2737 l,
902 2693 1021 2740 μάτην
1047 2695 1177 2730 Milton
1289 2698 1354 2728 621
1383 2695 1450 2740 σῷ]
1477 2693 1623 2738 Milton,

95 2740 126 2792 ᾦ
151 2746 232 2781 LG
353 2749 420 2780 623
447 2751 524 2785 τοῖς
548 2744 652 2790 τῆσδ’
683 2745 834 2791 ἀληθῶς
858 2747 1094 2792 Herwerden‚
1121 2749 1204 2782 fort.
1233 2748 1268 2782 οὶ
1294 2749 1403 2782 τοῦδε
1429 2748 1491 2782 καὶ
1518 2747 1620 2793 τῆσδ’

191 2803 259 2834 624
285 2797 308 2843 ἥ
334 2796 387 2845 σ’]
414 2797 559 2843 Canter,
586 2799 635 2839 ὡς
660 2799 738 2834 LG
857 2804 923 2835 625
950 2800 1096 2847 χρόνος]
1123 2799 1238 2840 πόνος
1263 2800 1476 2845 Mmgrave,
1502 2799 1625 2842 πόθος

94 2851 255 2886 Holzner
351 2854 418 2886 628
445 2849 528 2895 περί
553 2849 586 2886 τ’
617 2850 791 2898 ἐπέτασα]
817 2852 1017 2895 Hermann,
1043 2852 1317 2896 περιπετάσασα
1341 2853 1418 2889 LG
1441 2857 1445 2897 ῐ
1468 2851 1572 2900 χέρα]
1598 2868 1622 2888 α

96 2914 206 2949 super
228 2915 298 2939 ras.
326 2903 506 2950 scriptum
531 2904 571 2939 in
595 2905 630 2940 L
656 2905 754 2950 (fort.
782 2918 826 2945 ας
852 2908 1011 2950 erasum)
