1929 3208
433 481 692 533 Praefatio
732 480 980 533 editionis
1020 481 1235 546 primae.

110 624 296 666 Duarum
341 625 551 676 codicum,
594 625 748 678 quibus
792 624 971 666 Alcestis
1013 625 1135 665 nobis
1176 625 1330 665 tradita
1369 628 1449 674 est,
1496 625 1614 666 fami-

46 695 198 736 liarum
240 699 367 736 testes
409 695 526 750 digni
566 695 636 748 qui
680 695 961 736 adhibeantur
999 698 1098 736 sunt
1129 695 1173 736 B
1212 695 1321 747 [cod.
1345 695 1480 737 Vatic.
1508 695 1612 749 909]

47 769 89 806 et
120 765 153 807 S
182 766 293 820 [cod.
326 766 580 820 archetypus
614 765 855 818 deperditus
887 765 1094 806 librorum
1128 766 1165 806 L
1196 766 1305 817 (cod.
1328 765 1452 806 Laur.
1475 766 1544 818 32,
1569 766 1614 821 2)

47 840 89 878 et
117 836 157 877 P
180 836 289 887 (cod.
311 835 444 877 Palat.
473 838 581 877 inter
605 835 832 877 Vaticanos
860 836 1024 890 “-)87)].“ἐς
1069 836 1111 877 Β
1135 840 1176 876 et
1204 836 1245 878 P
1268 837 1455 878 excussit
1481 824 1609 892 Hu'go

49 906 274 960 Hinckius,
324 908 421 948 libri
466 907 502 948 L
553 907 822 948 collationem
882 907 1013 948 debeo
1064 908 1309 949 liberalitati
1360 907 1612 962 Hieronymi

48 977 221 1019 Vitellii.
284 982 326 1019 et
367 978 576 1019 Hinckius
620 981 662 1019 et
697 978 893 1019 Vitellius
927 978 1178 1020 collationes
1211 978 1537 1034 diligentissime
1570 982 1611 1020 et

45 1049 359 1090 accuratissime
399 1050 684 1090 confecerunt.
758 1050 966 1104 integram
1009 1050 1243 1103 scripturae
1288 1050 1611 1103 discrepantiam

44 1120 201 1161 codicis
234 1120 277 1160 B
306 1134 402 1161 cum
434 1120 673 1175 legentibus
707 1121 1029 1174 communicavi,
1062 1121 1218 1162 codicis
1252 1120 1285 1162 S
1316 1136 1474 1174 omnes,
1507 1136 1610 1175 quas

45 1191 243 1247 indagare
287 1192 427 1245 potui,
473 1191 675 1233 lectiones
717 1192 852 1233 attuli.
916 1192 966 1232 de
1008 1192 1091 1233 fide
1132 1193 1285 1233 horum
1327 1192 1534 1233 librorum
1569 1193 1611 1233 in

44 1262 259 1304 Alcestide
292 1262 404 1303 idem
438 1263 710 1303 statuendum
744 1263 858 1316 quod
893 1264 935 1303 in
970 1262 1128 1304 Medea.

102 1333 236 1374 codex
267 1348 292 1373 (ι
326 1332 522 1388 (Parisin.
543 1332 679 1388 2713)
711 1334 754 1374 in
787 1333 1002 1375 Alcestide
1036 1338 1078 1374 et
1110 1334 1410 1376 Andromacha
1442 1338 1606 1375 textum

43 1420 67 1444 a
98 1404 335 1458 Byzantino
374 1405 653 1459 grammatico
686 1405 991 1458 interpolatum
1024 1405 1197 1458 praebet
1236 1420 1284 1447 ac
1316 1406 1403 1446 fere
1437 1419 1608 1459 prorsus

43 1475 256 1516 consentit
294 1489 389 1516 cum
428 1475 644 1516 codicibus
677 1477 704 1517 d
737 1475 942 1529 OElorent.
969 1476 1038 1528 31,
1069 1476 1141 1531 15)
1174 1480 1216 1517 et
1246 1490 1266 1517 c
1307 1476 1512 1531 (Florent.
1540 1476 1613 1530 31,

47 1546 130 1601 lo),
163 1560 270 1600 quos
302 1546 458 1600 passim
493 1547 677 1600 inspexit
699 1546 908 1587 Vitellius.
960 1547 1226 1602 grammatici
1253 1547 1606 1601 transpositiones

43 1617 282 1670 verborum,
315 1631 336 1657 e
369 1617 522 1670 quibus
556 1632 639 1657 una
673 1616 832 1672 (πατὴρ
867 1617 1008 1672 γέρων
1042 1633 1078 1658 v,
1106 1617 1211 1672 820)
1243 1633 1377 1671 usque
1410 1618 1461 1659 ad
1494 1619 1607 1660 hunc

43 1688 153 1729 diem
197 1687 379 1729 editores
423 1687 594 1741 fefellit,
638 1692 680 1728 et
725 1689 982 1730 mutationes
1023 1689 1268 1730 temerarias
1308 1704 1441 1743 aeque
1480 1703 1528 1730 ac
1560 1690 1607 1730 li-

46 1759 172 1799 brarii
212 1772 374 1800 errores
417 1773 562 1800 omnes
607 1763 810 1800 annotare
851 1760 969 1801 nefas
1012 1760 1123 1801 duxi.
1187 1760 1301 1801 hunc
1340 1761 1528 1802 codicem
1570 1765 1611 1801 et

43 1829 328 1871 Havniensem
361 1829 450 1885 (G),
490 1845 614 1883 quem
654 1830 865 1871 interdum
899 1845 1041 1872 veram
1074 1832 1301 1873 lectionem
1338 1831 1606 1872 exhibentem

42 1901 390 1954 commemoravi,
423 1902 512 1955 ipse
545 1901 722 1942 contuli.

100 1971 287 2013 codicem
315 1971 592 2013 Harleianum
620 1972 735 2013 5743
763 1974 1115 2027 recentissimum,
1141 1974 1213 2027 qui
1241 1972 1470 2015 Alcestidis
1498 1973 1608 2028 frag-

42 2046 250 2095 mentum,
289 2041 496 2096 Rhesum,
534 2042 718 2084 Troades
758 2045 964 2097 continet,
998 2059 1102 2097 uno,
1142 2059 1226 2098 quo
1260 2045 1480 2096 intererat,
1513 2043 1607 2085 loco

41 2114 96 2159 (V.
122 2112 255 2167 1037)
286 2114 492 2167 inspexit,
524 2128 607 2168 qua.
639 2117 703 2155 est
735 2115 954 2168 comitate,
990 2114 1168 2156 Carolus
1201 2115 1420 2156 Dziatzko.

101 2184 179 2236 eis,
223 2198 330 2238 quae
374 2185 418 2225 in
458 2185 723 2239 praefatione
766 2186 962 2227 editionis
1000 2185 1174 2227 Medeae
1216 2186 1266 2227 de
1300 2186 1607 2241 orthographia

40 2255 203 2304 notavi,
245 2255 485 2296 addendum
527 2259 592 2297 est
637 2271 702 2297 me
736 2257 779 2298 in
811 2256 1026 2298 Alcestide
1058 2257 1266 2298 librorum
1307 2257 1490 2298 lectione
1522 2271 1609 2298 non

41 2329 372 2367 commemorata
415 2341 581 2380 semper
622 2325 804 2384 θνῄσκω
846 2343 922 2381 pro
964 2326 1162 2382 θνήσκει),
1206 2329 1382 2382 οἰκτίρω
1425 2342 1501 2382 pro
1548 2328 1611 2369 ol-

40 2397 195 2450 κτείρω
228 2397 511 2450 scripsisse&

101 2492 177 2520 scr.
211 2478 491 2521 Vratislaviae
526 2495 576 2521 m.
605 2479 779 2523 Octobri
812 2497 846 2523 a.
874 2481 995 2523 1878.

1330 2541 1376 2581 R.
1405 2540 1546 2582 Prinz.

101 2664 117 2681 '⁸
144 2665 295 2699 Librum
323 2667 358 2700 P
380 2677 424 2700 ex
450 2667 531 2710 ipso
557 2669 592 2702 L
618 2679 690 2702 non
717 2680 760 2702 ex
787 2669 974 2703 communi
1001 2669 1202 2713 archetypo
1224 2669 1428 2703 derivatum
1457 2678 1546 2710 esse,
1567 2668 1604 2702 in

41 2712 275 2756 praefatione
302 2712 454 2748 Medeae
481 2713 656 2749 editionis
684 2715 868 2750 secundae
896 2717 1104 2760 expositum
1133 2718 1199 2750 est.

75 2759 109 2777 “
136 2758 304 2803 οἰκτείρω
333 2763 483 2804 propter
508 2761 675 2796 futurum
702 2764 853 2806 οἰκτερῶ
880 2764 1024 2807 reliqui.

1405 2810 1449 2853 N.
1477 2810 1547 2853 W.
