1929 3208
734 124 981 156 ΑΛΚΗΣΉΣ
1587 123 1640 163 41

290 239 364 285 τῆς
396 232 475 283 μὲν
509 233 591 284 γὰρ
625 229 760 272 οὐδὲν
793 231 924 283 ἄλγος
956 230 1115 278 ἅψεταί
1145 244 1262 276 ποτε,

290 306 467 343 πολλῶν
500 303 544 343 δὲ
576 301 759 356 μόχθων
793 300 971 355 εὐκλεὴς
1003 300 1236 342 ἐπαύσατο.

290 373 374 426 ἐγὼ
408 374 462 425 δ’,
496 373 548 414 ὃν
581 371 632 414 01'·
666 379 777 427 χρῆν
809 379 896 426 ζῆν,
930 372 1082 424 παρεὶς
1114 373 1162 413 τὸ
1195 370 1412 424 μόρσιμον

291 445 462 496 λυπρὸν
494 444 625 494 διάξω
660 446 829 496 βίοτον·
864 445 959 495 ἰέρτι
991 443 1219 496 μανθάνω.
1576 451 1643 481 940

288 523 379 564 πῶς
412 516 495 568 γὰρ
528 514 676 567 δόμων
709 515 839 556 τῶνδ’
873 513 1076 563 εἰσόδους
1109 511 1335 566 ἀνέξομαις

291 587 374 627 τίν“
408 586 462 627 ἂν
494 586 757 639 προσειπών,
791 592 868 626 τοῦ
903 586 951 626 δὲ
983 585 1255 639 προσρηθεὶς
1287 584 1374 625 ὕπο

293 663 478 710 τερπνῆς
512 657 680 711 τύχοιμ’
714 656 768 697 ἂν
800 654 975 706 ἐξόδους
1008 662 1085 697 ποῖ
1115 654 1347 707 τρέψομαι;

293 729 314 781 ἡ
348 728 428 780 μὲν
460 729 542 780 γὰρ
576 726 708 768 ἔνδον
741 725 864 782 ἐξελᾷ
893 726 937 778 μ’
971 725 1140 779 ἐρημία,

291 800 501 851 γυναικὸς
533 796 665 847 εὐνὰς
697 793 786 838 εὖτ’
819 796 874 838 ἂν
907 797 1056 838 εἰσίδω
1089 798 1218 845 κενὰς
1565 806 1643 836 ,945

290 867 489 922 θρόνους
521 869 558 909 τ’
592 867 641 910 ἐν
674 862 791 909 οἷσιν
825 862 883 918 ἷζε
916 867 987 908 καὶ
1021 868 1129 908 κατὰ
1163 865 1319 920 στέγας

291 937 517 994 αὐχμηρὸν
550 936 704 992 οὖδας,
737 938 869 980 τέκνα
902 938 942 978 δ’
976 938 1088 992 ἀμφὶ
1121 937 1309 991 γούνασι

290 1012 502 1052 πίτνοντα
533 1011 662 1067 κλαίῃ
693 1007 864 1063 μητέρ’,
898 1010 941 1050 οἳ
973 1009 1022 1050 δὲ
1054 1006 1264 1050 δεσπότιν

291 1080 505 1123 στένωσιν
538 1082 637 1122 οἱάν
670 1080 716 1122 ἐκ
748 1081 896 1132 δόμων
928 1080 1171 1121 ἀπώλεσαν.

292 1155 342 1194 τὰ
375 1152 454 1205 μὲν
488 1152 580 1193 κατ’
614 1152 763 1200 οἴκους
794 1151 951 1193 τοιάδ’·
985 1149 1154 1200 ἔξωθεν
1188 1148 1238 1191 δέ
1269 1165 1319 1202 με
1580 1159 1647 1189 950

292 1225 421 1278 γάμοι
453 1224 490 1264 τ’
523 1223 653 1264 ἐλῶσι
688 1226 926 1264 Θεσσαλῶν
957 1222 1030 1264 καὶ
1063 1222 1268 1275 ξύλλογοι

291 1298 682 1349 γυναικοπληθεΐς·
717 1294 769 1335 οὐ
802 1295 886 1347 γὰρ
920 1292 1173 1346 ἐξανέξομαι

294 1366 493 1407 λεύσσων
525 1366 744 1419 δάμαρτος
775 1372 850 1419 τῆς
883 1363 986 1418 ἐμῆς
1018 1362 1236 1418 ὁμήλικας.

293 1436 382 1489 ἐρεῖ
414 1437 461 1477 δέ
493 1437 536 1488 μ’
570 1437 688 1485 ὅστις
721 1435 882 1489 ἐχθρὸς
915 1436 977 1476 ὣν
1008 1441 1136 1488 κυρεῖ
1165 1435 1286 1475 τάδε·

293 1508 408 1560 ,ἰδοῦ
442 1508 519 1548 τὸν
553 1509 741 1560 αἰσχρῶς
773 1506 923 1558 ζῶνθ’,
956 1506 1003 1554 ὃς
1036 1503 1116 1547 οὐκ
1150 1499 1458 1558 ἔτληθανεῖν,
1581 1514 1648 1543 955

295 1578 390 1619 ἀλλ’
424 1579 477 1631 ἣν
509 1577 669 1631 ἔγημεν
701 1576 907 1625 ἀντιδοὺς
940 1576 1106 1632 ἀψυχίᾳ

295 1647 518 1702 πέφευγεν
539 1647 712 1702 ΗΑιδην·
747 1643 839 1704 κᾷτ’
873 1648 984 1702 ἀνὴρ
1018 1644 1131 1689 εἶναι
1164 1648 1302 1693 δοκεῑ;

294 1727 446 1773 στυγεῖ
477 1719 525 1761 δὲ
556 1721 659 1768 τοὺς
692 1717 916 1773 τεκόντας,
949 1718 1079 1768 αὐτὸς
1112 1718 1164 1760 οὐ
1196 1716 1346 1760 θέλων

293 1791 481 1833 θανεῖν’.
545 1791 720 1832 τοιάνδε
753 1791 863 1843 πρὸς
894 1796 1067 1831 κακοῖσι
1098 1789 1293 1843 κληδόνα

295 1861 386 1911 ἔξω.
449 1863 493 1903 τί
521 1878 594 1914 μοι
627 1863 703 1914 ζῆν
735 1862 844 1914 δῆτα
875 1859 1068 1914 κέρδιον,
1102 1862 1240 1914 φίλοι,
1582 1869 1650 1899 960

294 1940 435 1981 κακῶς
466 1933 646 1974 κλύοντι
679 1932 752 1973 καὶ
783 1939 924 1981 κακῶς
959 1929 1222 1985 πεπραγότις

144 2054 223 2093 XO
297 2050 380 2104 ἐγὼ
414 2051 486 2092 καὶ
518 2051 591 2091 διὰ
622 2051 790 2103 μούσας
1429 2048 1591 2101 stroph.

296 2122 368 2163 καὶ
399 2120 630 2175 μετάρσιος
660 2116 742 2179 ᾗξα
774 2122 846 2163 καὶ

295 2194 513 2234 πλείστων
546 2192 767 2246 ἁψάμενος
800 2194 945 2246 λόγων

296 2270 503 2317 κρεῖσσον
536 2263 669 2305 οὐδὲν
695 2262 908 2318 Ἀνάγκας
1584 2271 1650 2302 965

298 2332 450 2388 ηὗρον,
483 2334 591 2376 οὐδέ
620 2350 659 2375 τι
693 2334 927 2388 φάρμακον

301 2404 522 2463 Θρῄσσαις
555 2405 603 2446 ἐν
636 2407 826 2459 σανίσιν,
859 2407 934 2455 τὰς

148 2537 214 2568 939
241 2539 333 2579 χρῆν
360 2533 538 2580 Elmeley]
566 2534 633 2578 χρὴ
661 2533 743 2568 libri
845 2538 914 2568 940
940 2533 1148 2578 μανθάνων
1175 2534 1204 2568 S
1299 2536 1366 2566 943
1394 2529 1525 2573 ἐξόδου
1561 2530 1651 2563 Leu-

87 2583 184 2626 ting]
212 2580 360 2616 εἰσόδου
385 2580 472 2615 libri
594 2585 660 2615 944
689 2581 802 2623 ἐξελεῖ
826 2582 854 2617 S
878 2583 927 2625 (P
951 2581 1048 2624 ἐξελε
1076 2582 1110 2616 L
1149 2580 1251 2623 ἐξελᾶ
1279 2582 1303 2623 l)
1427 2582 1493 2612 946
1529 2576 1578 2617 ἷζε
1606 2578 1651 2623 S]

89 2629 139 2669 ἷζε
166 2629 202 2663 Β
240 2628 289 2669 ἵζε
316 2639 370 2672 ap
444 2631 514 2662 948
539 2627 720 2663 πίτνοντα
747 2629 895 2675 scripsi]
922 2627 1106 2663 πίπτοντα
1132 2627 1219 2662 libri
1243 2627 1249 2674 Ι
1270 2625 1379 2669 κλαίη
1407 2626 1451 2669 Η]
1479 2623 1597 2659 κλαίει
1623 2637 1642 2658 r

87 2674 224 2720 μητέρα
262 2676 297 2710 Β
420 2678 487 2709 950
525 2676 652 2714 οἴκους
677 2676 723 2722 S]
761 2673 866 2710 οἷκον
892 2688 911 2711 ἰ’
1031 2679 1098 2712 9ὁ1
1137 2675 1168 2709 τ’
1197 2673 1422 2718 Wakefield]
1460 2673 1492 2716 γ’
1519 2672 1605 2719 libri

89 2727 155 2757 953
182 2724 319 2757 λεύσων
345 2723 382 2757 Β
479 2725 547 2756 954
574 2728 668 2768 nvos]
694 2723 807 2757 Monk
906 2726 973 2758 955
1002 2723 1085 2758 ἰδοῦ
1112 2723 1161 2769 L]
1190 2723 1274 2757 ἰδοὺ
1300 2734 1318 2756 ν
1401 2723 1466 2754 957
1496 2719 1579 2753 κατ’
1606 2719 1652 2762 S]

88 2769 155 2805 εἶτ’
182 2783 200 2805 ν
275 2772 342 2804 960
369 2769 436 2811 ἔξω
464 2769 590 2815 Lbffl]
617 2768 684 2812 ἔξω
710 2782 730 2805 r
752 2774 756 2815 Ι
779 2768 929 2813 κέρδιον
955 2770 1135 2815 Purgold]
1162 2770 1294 2804 κύδιον
1320 2767 1405 2802 libri
1495 2757 1562 2800 964
1590 2767 1653 2808 ἀρ-

89 2817 243 2861 ξάμενος
270 2816 450 2851 Stobaeus
477 2816 592 2860 eclog.
620 2816 637 2850 I
661 2821 694 2858 4,
716 2821 736 2850 3
816 2821 884 2852 966
912 2816 1020 2861 εὗρον
1047 2817 1134 2852 libri
1233 2819 1299 2850 967
1326 2813 1527 2858 θρηῖσσαις
1552 2814 1616 2849 La

90 2863 234 2899 σανίσιν
261 2864 457 2910 Matbhiae]
487 2862 609 2898 σανίσι
635 2863 720 2898 libri
