<?xml version="1.0" encoding="UTF-8"?>
<!DOCTYPE html PUBLIC "-//W3C//DTD XHTML 1.0 Transitional//EN"
    "http://www.w3.org/TR/xhtml1/DTD/xhtml1-transitional.dtd">
<html xmlns="http://www.w3.org/1999/xhtml" xml:lang="en" lang="en">
 <head>
  <title>
</title>
<meta http-equiv="Content-Type" content="text/html;charset=utf-8" />
  <meta name='ocr-system' content='tesseract 3.04.00' />
  <meta name='ocr-capabilities' content='ocr_page ocr_carea ocr_par ocr_line ocrx_word'/>
</head>
<body>
  <div class='ocr_page' id='page_1' title='image "./euripidisfabula01euriuoft_0262.png"; bbox 0 0 1929 3208; ppageno 0'>
   <div class='ocr_carea' id='block_1_1' title="bbox 265 213 1165 254">
    <p class='ocr_par' dir='ltr' id='par_1_1' title="bbox 265 213 1165 254">
     <span class='ocr_line' id='line_1_1' title="bbox 265 213 1165 254; baseline -0.002 -7"><span class='ocrx_word' id='word_1_1' title='bbox 265 214 320 254; x_wconf 71' lang='grc'><em>22</em></span> <span class='ocrx_word' id='word_1_2' title='bbox 894 213 1165 247; x_wconf 68' lang='grc' dir='ltr'>ΕΥΡΙΠΙΔΟΥ</span> 
     </span>
    </p>
   </div>
   <div class='ocr_carea' id='block_1_2' title="bbox 290 318 1799 2578">
    <p class='ocr_par' dir='ltr' id='par_1_2' title="bbox 290 318 1799 2578">
     <span class='ocr_line' id='line_1_2' title="bbox 443 318 1585 375; baseline -0.001 -12"><span class='ocrx_word' id='word_1_3' title='bbox 443 318 626 375; x_wconf 77' lang='grc' dir='ltr'><em>ἀνόνητ’</em></span> <span class='ocrx_word' id='word_1_4' title='bbox 664 322 856 374; x_wconf 69' lang='grc' dir='ltr'><em>ἔθρεψας</em></span> <span class='ocrx_word' id='word_1_5' title='bbox 888 322 963 362; x_wconf 88' lang='grc' dir='ltr'><em>σοί</em></span> <span class='ocrx_word' id='word_1_6' title='bbox 991 336 1033 363; x_wconf 86' lang='grc' dir='ltr'><em>τε</em></span> <span class='ocrx_word' id='word_1_7' title='bbox 1067 318 1138 362; x_wconf 78' lang='grc' dir='ltr'><em>καὶ</em></span> <span class='ocrx_word' id='word_1_8' title='bbox 1171 327 1261 370; x_wconf 83' lang='grc' dir='ltr'><em>τοῖς</em></span> <span class='ocrx_word' id='word_1_9' title='bbox 1293 327 1388 371; x_wconf 89' lang='grc' dir='ltr'><em>σοῖς</em></span> <span class='ocrx_word' id='word_1_10' title='bbox 1420 322 1585 375; x_wconf 72' lang='grc' dir='ltr'><em>φίλοιςς</em></span> 
     </span>
     <span class='ocr_line' id='line_1_3' title="bbox 296 388 1641 447; baseline -0.001 -13"><span class='ocrx_word' id='word_1_11' title='bbox 296 397 381 434; x_wconf 71' lang='grc'><em>111).</em></span> <span class='ocrx_word' id='word_1_12' title='bbox 444 388 655 446; x_wconf 76' lang='grc' dir='ltr'><em>ἀνόνηθ’·</em></span> <span class='ocrx_word' id='word_1_13' title='bbox 689 392 804 447; x_wconf 79' lang='grc' dir='ltr'><em>ὅμως</em></span> <span class='ocrx_word' id='word_1_14' title='bbox 838 389 876 433; x_wconf 90' lang='grc' dir='ltr'><em>δ’</em></span> <span class='ocrx_word' id='word_1_15' title='bbox 916 388 998 433; x_wconf 84' lang='grc' dir='ltr'><em>οὖν</em></span> <span class='ocrx_word' id='word_1_16' title='bbox 1029 393 1158 433; x_wconf 89' lang='grc' dir='ltr'><em>τοῦτό</em></span> <span class='ocrx_word' id='word_1_17' title='bbox 1192 388 1233 446; x_wconf 86' lang='grc' dir='ltr'><em>γ’</em></span> <span class='ocrx_word' id='word_1_18' title='bbox 1271 391 1351 434; x_wconf 89' lang='grc' dir='ltr'><em>οὐκ</em></span> <span class='ocrx_word' id='word_1_19' title='bbox 1382 390 1641 447; x_wconf 76' lang='grc' dir='ltr'><em>ἠνεσχόμην.</em></span> 
     </span>
     <span class='ocr_line' id='line_1_4' title="bbox 443 461 1542 518; baseline -0.002 -13"><span class='ocrx_word' id='word_1_20' title='bbox 443 461 587 517; x_wconf 77' lang='grc' dir='ltr'><em>ἦλθον</em></span> <span class='ocrx_word' id='word_1_21' title='bbox 619 464 702 518; x_wconf 77' lang='grc' dir='ltr'><em>γὰρ</em></span> <span class='ocrx_word' id='word_1_22' title='bbox 735 463 872 505; x_wconf 85' lang='grc' dir='ltr'><em>αὐτοῦ</em></span> <span class='ocrx_word' id='word_1_23' title='bbox 902 463 1011 517; x_wconf 86' lang='grc' dir='ltr'><em>πρὸς</em></span> <span class='ocrx_word' id='word_1_24' title='bbox 1042 462 1185 516; x_wconf 88' lang='grc' dir='ltr'><em>τάφον</em></span> <span class='ocrx_word' id='word_1_25' title='bbox 1217 461 1395 518; x_wconf 85' lang='grc' dir='ltr'><em>πάρεργ’</em></span> <span class='ocrx_word' id='word_1_26' title='bbox 1433 463 1542 505; x_wconf 85' lang='grc' dir='ltr'><em>ὁδοῦ</em></span> 
     </span>
     <span class='ocr_line' id='line_1_5' title="bbox 444 531 1791 590; baseline -0.002 -13"><span class='ocrx_word' id='word_1_27' title='bbox 444 533 515 577; x_wconf 85' lang='grc' dir='ltr'><em>καὶ</em></span> <span class='ocrx_word' id='word_1_28' title='bbox 548 533 812 588; x_wconf 84' lang='grc' dir='ltr'><em>προσπεσὼν</em></span> <span class='ocrx_word' id='word_1_29' title='bbox 844 531 1022 576; x_wconf 80' lang='grc' dir='ltr'><em>ὲ’κλαυσ’</em></span> <span class='ocrx_word' id='word_1_30' title='bbox 1060 533 1240 588; x_wconf 78' lang='grc' dir='ltr'><strong><em>ἐρημίας</em></strong></span> <span class='ocrx_word' id='word_1_31' title='bbox 1271 535 1429 590; x_wconf 87' lang='grc' dir='ltr'><em>τυχών,</em></span> <span class='ocrx_word' id='word_1_32' title='bbox 1724 546 1791 576; x_wconf 76' lang='grc'><em>510</em></span> 
     </span>
     <span class='ocr_line' id='line_1_6' title="bbox 445 603 1495 659; baseline -0.001 -11"><span class='ocrx_word' id='word_1_33' title='bbox 445 606 640 655; x_wconf 81' lang='grc' dir='ltr'><em>σπονδάς</em></span> <span class='ocrx_word' id='word_1_34' title='bbox 672 622 732 657; x_wconf 83' lang='grc' dir='ltr'><em>τε,</em></span> <span class='ocrx_word' id='word_1_35' title='bbox 766 605 900 654; x_wconf 89' lang='grc' dir='ltr'><em>λύσας</em></span> <span class='ocrx_word' id='word_1_36' title='bbox 932 604 1068 647; x_wconf 83' lang='grc' dir='ltr'><em>ἀσκὸν</em></span> <span class='ocrx_word' id='word_1_37' title='bbox 1102 605 1154 646; x_wconf 89' lang='grc' dir='ltr'><em>ὃν</em></span> <span class='ocrx_word' id='word_1_38' title='bbox 1187 603 1307 659; x_wconf 87' lang='grc' dir='ltr'><em>φέρω</em></span> <span class='ocrx_word' id='word_1_39' title='bbox 1342 604 1495 657; x_wconf 80' lang='grc' dir='ltr'><em>ξένοις,</em></span> 
     </span>
     <span class='ocr_line' id='line_1_7' title="bbox 446 672 1431 732; baseline -0.001 -13"><span class='ocrx_word' id='word_1_40' title='bbox 446 680 640 731; x_wconf 74' lang='grc' dir='ltr'><em>ἔσπεισα,</em></span> <span class='ocrx_word' id='word_1_41' title='bbox 672 677 821 732; x_wconf 82' lang='grc' dir='ltr'><em>τύμβῳ</em></span> <span class='ocrx_word' id='word_1_42' title='bbox 856 672 898 717; x_wconf 88' lang='grc' dir='ltr'><em>δ’</em></span> <span class='ocrx_word' id='word_1_43' title='bbox 936 675 1173 730; x_wconf 87' lang='grc' dir='ltr'><em>ἀμφέθηκα</em></span> <span class='ocrx_word' id='word_1_44' title='bbox 1205 678 1431 730; x_wconf 90' lang='grc' dir='ltr'><em>μυρσίνας.</em></span> 
     </span>
     <span class='ocr_line' id='line_1_8' title="bbox 445 744 1482 806; baseline -0.001 -16"><span class='ocrx_word' id='word_1_45' title='bbox 445 755 587 802; x_wconf 78' lang='grc' dir='ltr'><em>πυρᾶς</em></span> <span class='ocrx_word' id='word_1_46' title='bbox 620 745 658 789; x_wconf 84' lang='grc' dir='ltr'><em>δ’</em></span> <span class='ocrx_word' id='word_1_47' title='bbox 691 746 755 790; x_wconf 78' lang='grc' dir='ltr'><em>ἐπ’</em></span> <span class='ocrx_word' id='word_1_48' title='bbox 795 747 928 801; x_wconf 81' lang='grc' dir='ltr'><em>αὐτῆς</em></span> <span class='ocrx_word' id='word_1_49' title='bbox 961 744 1031 789; x_wconf 82' lang='grc' dir='ltr'><em>οἷν</em></span> <span class='ocrx_word' id='word_1_50' title='bbox 1063 746 1330 802; x_wconf 83' lang='grc' dir='ltr'><em>μελάγχιμον</em></span> <span class='ocrx_word' id='word_1_51' title='bbox 1361 749 1482 806; x_wconf 79' lang='grc' dir='ltr'><em>πόκῳ</em></span> 
     </span>
     <span class='ocr_line' id='line_1_9' title="bbox 445 814 1475 875; baseline -0.001 -14"><span class='ocrx_word' id='word_1_52' title='bbox 445 820 637 875; x_wconf 89' lang='grc' dir='ltr'><em>σφάγιον</em></span> <span class='ocrx_word' id='word_1_53' title='bbox 671 819 842 861; x_wconf 80' lang='grc' dir='ltr'><em>ἐσεῖδον</em></span> <span class='ocrx_word' id='word_1_54' title='bbox 876 814 980 873; x_wconf 83' lang='grc' dir='ltr'><em>αἷμά</em></span> <span class='ocrx_word' id='word_1_55' title='bbox 1012 815 1048 860; x_wconf 90' lang='grc' dir='ltr'><em>τ’</em></span> <span class='ocrx_word' id='word_1_56' title='bbox 1086 818 1140 860; x_wconf 90' lang='grc' dir='ltr'><em>οὐ</em></span> <span class='ocrx_word' id='word_1_57' title='bbox 1172 818 1304 860; x_wconf 88' lang='grc' dir='ltr'><em>πάλαι</em></span> <span class='ocrx_word' id='word_1_58' title='bbox 1336 817 1475 873; x_wconf 74' lang='grc' dir='ltr'><em>χυθὲν</em></span> 
     </span>
     <span class='ocr_line' id='line_1_10' title="bbox 446 889 1793 946; baseline 0 -13"><span class='ocrx_word' id='word_1_59' title='bbox 446 892 613 946; x_wconf 80' lang='grc' dir='ltr'><em>ξανθῆς</em></span> <span class='ocrx_word' id='word_1_60' title='bbox 644 906 689 932; x_wconf 92' lang='grc' dir='ltr'><em>τε</em></span> <span class='ocrx_word' id='word_1_61' title='bbox 722 892 871 945; x_wconf 88' lang='grc' dir='ltr'><em>χαίτης</em></span> <span class='ocrx_word' id='word_1_62' title='bbox 904 889 1176 944; x_wconf 80' lang='grc' dir='ltr'><em>βοστρύχους</em></span> <span class='ocrx_word' id='word_1_63' title='bbox 1208 890 1510 945; x_wconf 86' lang='grc' dir='ltr'><em>κεκαρμένους.</em></span> <span class='ocrx_word' id='word_1_64' title='bbox 1725 903 1793 933; x_wconf 88' lang='grc'><em>515</em></span> 
     </span>
     <span class='ocr_line' id='line_1_11' title="bbox 445 958 1554 1016; baseline -0.001 -13"><span class='ocrx_word' id='word_1_65' title='bbox 445 958 715 1016; x_wconf 79' lang='grc' dir='ltr'><em>κάθαύμασ’,</em></span> <span class='ocrx_word' id='word_1_66' title='bbox 749 958 782 1003; x_wconf 84' lang='grc' dir='ltr'><em>ὦ</em></span> <span class='ocrx_word' id='word_1_67' title='bbox 815 967 907 1014; x_wconf 88' lang='grc' dir='ltr'><em>παῖ,</em></span> <span class='ocrx_word' id='word_1_68' title='bbox 939 962 1004 1011; x_wconf 91' lang='grc' dir='ltr'><em>τίς</em></span> <span class='ocrx_word' id='word_1_69' title='bbox 1034 959 1129 1002; x_wconf 87' lang='grc' dir='ltr'><em>ποτ’</em></span> <span class='ocrx_word' id='word_1_70' title='bbox 1169 960 1422 1014; x_wconf 84' lang='grc' dir='ltr'><em>ἀνθρώπων</em></span> <span class='ocrx_word' id='word_1_71' title='bbox 1454 962 1554 1015; x_wconf 84' lang='grc' dir='ltr'><em>ἔτλη</em></span> 
     </span>
     <span class='ocr_line' id='line_1_12' title="bbox 445 1029 1580 1088; baseline -0.002 -13"><span class='ocrx_word' id='word_1_72' title='bbox 445 1034 554 1087; x_wconf 83' lang='grc' dir='ltr'><em>πρὸς</em></span> <span class='ocrx_word' id='word_1_73' title='bbox 586 1034 754 1088; x_wconf 90' lang='grc' dir='ltr'><em>τύμβον</em></span> <span class='ocrx_word' id='word_1_74' title='bbox 788 1032 955 1074; x_wconf 83' lang='grc' dir='ltr'><em>ἐλθεῖν·</em></span> <span class='ocrx_word' id='word_1_75' title='bbox 989 1031 1043 1074; x_wconf 86' lang='grc' dir='ltr'><em>οὐ</em></span> <span class='ocrx_word' id='word_1_76' title='bbox 1076 1031 1158 1086; x_wconf 81' lang='grc' dir='ltr'><em>γὰρ</em></span> <span class='ocrx_word' id='word_1_77' title='bbox 1182 1029 1385 1086; x_wconf 76' lang='grc' dir='ltr'><em>Ἀργείων</em></span> <span class='ocrx_word' id='word_1_78' title='bbox 1416 1030 1469 1086; x_wconf 88' lang='grc' dir='ltr'><em>γέ</em></span> <span class='ocrx_word' id='word_1_79' title='bbox 1496 1045 1580 1082; x_wconf 86' lang='grc' dir='ltr'><em>τις·</em></span> 
     </span>
     <span class='ocr_line' id='line_1_13' title="bbox 446 1101 1538 1159; baseline -0.002 -13"><span class='ocrx_word' id='word_1_80' title='bbox 446 1102 542 1146; x_wconf 79' lang='grc' dir='ltr'><em>ἀλλ’</em></span> <span class='ocrx_word' id='word_1_81' title='bbox 579 1101 683 1158; x_wconf 80' lang='grc' dir='ltr'><em>ἦλθ’</em></span> <span class='ocrx_word' id='word_1_82' title='bbox 722 1108 825 1153; x_wconf 72' lang='grc' dir='ltr'><em>ἴσως</em></span> <span class='ocrx_word' id='word_1_83' title='bbox 856 1117 944 1145; x_wconf 91' lang='grc' dir='ltr'><em>που</em></span> <span class='ocrx_word' id='word_1_84' title='bbox 977 1104 1052 1152; x_wconf 91' lang='grc' dir='ltr'><em>σὸς</em></span> <span class='ocrx_word' id='word_1_85' title='bbox 1083 1104 1345 1157; x_wconf 87' lang='grc' dir='ltr'><em>κασίγνητος</em></span> <span class='ocrx_word' id='word_1_86' title='bbox 1378 1103 1538 1159; x_wconf 79' lang='grc' dir='ltr'><em>λάθρα,</em></span> 
     </span>
     <span class='ocr_line' id='line_1_14' title="bbox 447 1170 1571 1230; baseline -0.001 -13"><span class='ocrx_word' id='word_1_87' title='bbox 447 1176 595 1230; x_wconf 87' lang='grc' dir='ltr'><em>μολὼν</em></span> <span class='ocrx_word' id='word_1_88' title='bbox 629 1172 667 1216; x_wconf 87' lang='grc' dir='ltr'><em>δ’</em></span> <span class='ocrx_word' id='word_1_89' title='bbox 699 1170 967 1227; x_wconf 83' lang='grc' dir='ltr'><em>ἑθεράπευσ’</em></span> <span class='ocrx_word' id='word_1_90' title='bbox 1003 1174 1165 1216; x_wconf 81' lang='grc' dir='ltr'><em>ἄθλιον</em></span> <span class='ocrx_word' id='word_1_91' title='bbox 1196 1174 1365 1228; x_wconf 85' lang='grc' dir='ltr'><em>τύμβον</em></span> <span class='ocrx_word' id='word_1_92' title='bbox 1396 1176 1571 1229; x_wconf 86' lang='grc' dir='ltr'><em>πατρός.</em></span> 
     </span>
     <span class='ocr_line' id='line_1_15' title="bbox 447 1243 1795 1300; baseline -0.001 -11"><span class='ocrx_word' id='word_1_93' title='bbox 447 1245 605 1297; x_wconf 83' lang='grc' dir='ltr'><em>σκέψαι</em></span> <span class='ocrx_word' id='word_1_94' title='bbox 639 1243 687 1288; x_wconf 73' lang='grc' dir='ltr'><em>δὲ</em></span> <span class='ocrx_word' id='word_1_95' title='bbox 718 1247 874 1300; x_wconf 83' lang='grc' dir='ltr'><em>χαίτην</em></span> <span class='ocrx_word' id='word_1_96' title='bbox 904 1249 1195 1299; x_wconf 83' lang='grc' dir='ltr'><em>προστιθεῖσα</em></span> <span class='ocrx_word' id='word_1_97' title='bbox 1227 1250 1280 1299; x_wconf 74' lang='grc' dir='ltr'><em>σῇ</em></span> <span class='ocrx_word' id='word_1_98' title='bbox 1312 1246 1439 1300; x_wconf 79' lang='grc' dir='ltr'><em>κόμῃ,</em></span> <span class='ocrx_word' id='word_1_99' title='bbox 1727 1256 1795 1287; x_wconf 78' lang='grc'><em>520</em></span> 
     </span>
     <span class='ocr_line' id='line_1_16' title="bbox 447 1316 1452 1373; baseline -0.003 -13"><span class='ocrx_word' id='word_1_100' title='bbox 447 1319 487 1360; x_wconf 82' lang='grc' dir='ltr'><em>εἰ</em></span> <span class='ocrx_word' id='word_1_101' title='bbox 515 1325 668 1373; x_wconf 87' lang='grc' dir='ltr'><em>χρῶμα</em></span> <span class='ocrx_word' id='word_1_102' title='bbox 699 1316 862 1359; x_wconf 89' lang='grc' dir='ltr'><em>ταύτὸν</em></span> <span class='ocrx_word' id='word_1_103' title='bbox 893 1318 1106 1371; x_wconf 81' lang='grc' dir='ltr'><em>κουρίμης</em></span> <span class='ocrx_word' id='word_1_104' title='bbox 1138 1317 1258 1359; x_wconf 83' lang='grc' dir='ltr'><em>ἔσται</em></span> <span class='ocrx_word' id='word_1_105' title='bbox 1289 1317 1452 1371; x_wconf 87' lang='grc' dir='ltr'><em>τριχός·</em></span> 
     </span>
     <span class='ocr_line' id='line_1_17' title="bbox 446 1380 1481 1444; baseline -0.003 -13"><span class='ocrx_word' id='word_1_106' title='bbox 446 1392 569 1444; x_wconf 87' lang='grc' dir='ltr'><em>φιλεῖ</em></span> <span class='ocrx_word' id='word_1_107' title='bbox 599 1389 698 1443; x_wconf 89' lang='grc' dir='ltr'><em>γάρ,</em></span> <span class='ocrx_word' id='word_1_108' title='bbox 730 1382 834 1443; x_wconf 80' lang='grc' dir='ltr'><em>αἷμα</em></span> <span class='ocrx_word' id='word_1_109' title='bbox 867 1387 1030 1430; x_wconf 87' lang='grc' dir='ltr'><em>ταύτὸν</em></span> <span class='ocrx_word' id='word_1_110' title='bbox 1063 1382 1128 1437; x_wconf 85' lang='grc' dir='ltr'><em>οἷς</em></span> <span class='ocrx_word' id='word_1_111' title='bbox 1159 1386 1214 1428; x_wconf 79' lang='grc' dir='ltr'><em>ἂν</em></span> <span class='ocrx_word' id='word_1_112' title='bbox 1245 1380 1272 1442; x_wconf 82' lang='grc' dir='ltr'><em>ᾗ</em></span> <span class='ocrx_word' id='word_1_113' title='bbox 1304 1388 1481 1442; x_wconf 86' lang='grc' dir='ltr'><em>πατρός,</em></span> 
     </span>
     <span class='ocr_line' id='line_1_18' title="bbox 447 1456 1341 1514; baseline -0.003 -12"><span class='ocrx_word' id='word_1_114' title='bbox 447 1461 499 1502; x_wconf 81' lang='grc' dir='ltr'><em>τὰ</em></span> <span class='ocrx_word' id='word_1_115' title='bbox 530 1456 653 1502; x_wconf 80' lang='grc' dir='ltr'><em>πόλλ’</em></span> <span class='ocrx_word' id='word_1_116' title='bbox 691 1460 821 1514; x_wconf 85' lang='grc' dir='ltr'><em>ὅμοια</em></span> <span class='ocrx_word' id='word_1_117' title='bbox 854 1459 1054 1513; x_wconf 87' lang='grc' dir='ltr'><em>σώματος</em></span> <span class='ocrx_word' id='word_1_118' title='bbox 1085 1460 1341 1512; x_wconf 84' lang='grc' dir='ltr'><em>πεφυκέναι.</em></span> 
     </span>
     <span class='ocr_line' id='line_1_19' title="bbox 290 1526 1474 1585; baseline -0.004 -10"><span class='ocrx_word' id='word_1_119' title='bbox 290 1536 389 1575; x_wconf 89' lang='grc' dir='ltr'><em>ΗΑ.</em></span> <span class='ocrx_word' id='word_1_120' title='bbox 452 1531 533 1574; x_wconf 87' lang='grc' dir='ltr'><em>οὐκ</em></span> <span class='ocrx_word' id='word_1_121' title='bbox 565 1529 646 1583; x_wconf 76' lang='grc' dir='ltr'><em>ἄξι’</em></span> <span class='ocrx_word' id='word_1_122' title='bbox 686 1529 861 1585; x_wconf 80' lang='grc' dir='ltr'><em>ἀνδρός,</em></span> <span class='ocrx_word' id='word_1_123' title='bbox 896 1526 929 1571; x_wconf 86' lang='grc' dir='ltr'><em>ὦ</em></span> <span class='ocrx_word' id='word_1_124' title='bbox 962 1528 1109 1583; x_wconf 84' lang='grc' dir='ltr'><em>γέρον,</em></span> <span class='ocrx_word' id='word_1_125' title='bbox 1143 1535 1288 1584; x_wconf 89' lang='grc' dir='ltr'><em>σοφοῦ</em></span> <span class='ocrx_word' id='word_1_126' title='bbox 1320 1527 1474 1583; x_wconf 88' lang='grc' dir='ltr'><em>λέγεις,</em></span> 
     </span>
     <span class='ocr_line' id='line_1_20' title="bbox 451 1599 1796 1658; baseline -0.003 -13"><span class='ocrx_word' id='word_1_127' title='bbox 451 1604 491 1646; x_wconf 86' lang='grc' dir='ltr'><em>εἰ</em></span> <span class='ocrx_word' id='word_1_128' title='bbox 519 1602 716 1658; x_wconf 87' lang='grc' dir='ltr'><em>κρυπτὸν</em></span> <span class='ocrx_word' id='word_1_129' title='bbox 748 1601 791 1651; x_wconf 86' lang='grc' dir='ltr'><em>ἐς</em></span> <span class='ocrx_word' id='word_1_130' title='bbox 821 1607 905 1656; x_wconf 83' lang='grc' dir='ltr'><em>γῆν</em></span> <span class='ocrx_word' id='word_1_131' title='bbox 937 1599 1059 1656; x_wconf 81' lang='grc' dir='ltr'><em>τήνδ’</em></span> <span class='ocrx_word' id='word_1_132' title='bbox 1098 1599 1152 1642; x_wconf 73' lang='grc' dir='ltr'><em>ἂν</em></span> <span class='ocrx_word' id='word_1_133' title='bbox 1182 1602 1406 1655; x_wconf 79' lang='grc' dir='ltr'><em>Αἰγίσθου</em></span> <span class='ocrx_word' id='word_1_134' title='bbox 1438 1603 1564 1657; x_wconf 78' lang='grc' dir='ltr'><em>φόβῳ</em></span> <span class='ocrx_word' id='word_1_135' title='bbox 1729 1611 1796 1642; x_wconf 75' lang='grc'><em>525</em></span> 
     </span>
     <span class='ocr_line' id='line_1_21' title="bbox 451 1671 1502 1727; baseline -0.004 -11"><span class='ocrx_word' id='word_1_136' title='bbox 451 1676 595 1724; x_wconf 86' lang='grc' dir='ltr'><em>δοκεῖς</em></span> <span class='ocrx_word' id='word_1_137' title='bbox 629 1673 826 1727; x_wconf 83' lang='grc' dir='ltr'><em>ἀδελφὸν</em></span> <span class='ocrx_word' id='word_1_138' title='bbox 857 1673 934 1715; x_wconf 90' lang='grc' dir='ltr'><em>τὸν</em></span> <span class='ocrx_word' id='word_1_139' title='bbox 967 1672 1073 1727; x_wconf 89' lang='grc' dir='ltr'><em>ε’μὸν</em></span> <span class='ocrx_word' id='word_1_140' title='bbox 1106 1671 1304 1727; x_wconf 81' lang='grc' dir='ltr'><em>εὐθαρσῆ</em></span> <span class='ocrx_word' id='word_1_141' title='bbox 1337 1674 1502 1726; x_wconf 87' lang='grc' dir='ltr'><em>μολεῖν.</em></span> 
     </span>
     <span class='ocr_line' id='line_1_22' title="bbox 450 1744 1394 1799; baseline -0.004 -11"><span class='ocrx_word' id='word_1_142' title='bbox 450 1748 596 1788; x_wconf 81' lang='grc' dir='ltr'><em>ἔπειτα</em></span> <span class='ocrx_word' id='word_1_143' title='bbox 630 1746 779 1799; x_wconf 89' lang='grc' dir='ltr'><em>χαίτης</em></span> <span class='ocrx_word' id='word_1_144' title='bbox 811 1751 902 1794; x_wconf 84' lang='grc' dir='ltr'><em>πῶς</em></span> <span class='ocrx_word' id='word_1_145' title='bbox 935 1745 1188 1785; x_wconf 87' lang='grc' dir='ltr'><em>συνοίσεται</em></span> <span class='ocrx_word' id='word_1_146' title='bbox 1219 1744 1394 1795; x_wconf 80' lang='grc' dir='ltr'><em>πλόκος,</em></span> 
     </span>
     <span class='ocr_line' id='line_1_23' title="bbox 451 1813 1566 1871; baseline -0.004 -12"><span class='ocrx_word' id='word_1_147' title='bbox 451 1817 473 1859; x_wconf 88' lang='grc' dir='ltr'><em>ὃ</em></span> <span class='ocrx_word' id='word_1_148' title='bbox 506 1814 586 1871; x_wconf 73' lang='grc' dir='ltr'><em>μὲν</em></span> <span class='ocrx_word' id='word_1_149' title='bbox 618 1816 906 1868; x_wconf 86' lang='grc' dir='ltr'><em>παλαίστραις</em></span> <span class='ocrx_word' id='word_1_150' title='bbox 938 1813 1101 1870; x_wconf 80' lang='grc' dir='ltr'><em>ἀνδρὸς</em></span> <span class='ocrx_word' id='word_1_151' title='bbox 1133 1813 1341 1868; x_wconf 85' lang='grc' dir='ltr'><em>εὐγενοῦς</em></span> <span class='ocrx_word' id='word_1_152' title='bbox 1372 1815 1566 1868; x_wconf 86' lang='grc' dir='ltr'><em>τραφείς,</em></span> 
     </span>
     <span class='ocr_line' id='line_1_24' title="bbox 451 1881 1437 1941; baseline -0.002 -13"><span class='ocrx_word' id='word_1_153' title='bbox 451 1887 473 1929; x_wconf 89' lang='grc' dir='ltr'>ὃ</span> <span class='ocrx_word' id='word_1_154' title='bbox 508 1884 556 1928; x_wconf 78' lang='grc' dir='ltr'><em>δὲ</em></span> <span class='ocrx_word' id='word_1_155' title='bbox 587 1893 836 1941; x_wconf 84' lang='grc' dir='ltr'><em>κτενισμοῖς</em></span> <span class='ocrx_word' id='word_1_156' title='bbox 867 1889 1029 1940; x_wconf 75' lang='grc' dir='ltr'><em>θῆλυςς</em></span> <span class='ocrx_word' id='word_1_157' title='bbox 1064 1881 1160 1927; x_wconf 82' lang='grc' dir='ltr'><em>ἀλλ’</em></span> <span class='ocrx_word' id='word_1_158' title='bbox 1197 1884 1437 1940; x_wconf 83' lang='grc' dir='ltr'><em>ἀμήχανον.</em></span> 
     </span>
     <span class='ocr_line' id='line_1_25' title="bbox 449 1954 1798 2012; baseline -0.002 -12"><span class='ocrx_word' id='word_1_159' title='bbox 449 1961 630 2007; x_wconf 90' lang='grc' dir='ltr'><em>πολλοῖς</em></span> <span class='ocrx_word' id='word_1_160' title='bbox 662 1954 701 1999; x_wconf 90' lang='grc' dir='ltr'><em>δ’</em></span> <span class='ocrx_word' id='word_1_161' title='bbox 733 1956 788 1999; x_wconf 76' lang='grc' dir='ltr'><em>ἂν</em></span> <span class='ocrx_word' id='word_1_162' title='bbox 821 1957 966 2012; x_wconf 82' lang='grc' dir='ltr'><em>εὕροις</em></span> <span class='ocrx_word' id='word_1_163' title='bbox 999 1957 1271 2011; x_wconf 85' lang='grc' dir='ltr'><em>βοστρύχους</em></span> <span class='ocrx_word' id='word_1_164' title='bbox 1302 1954 1573 2010; x_wconf 86' lang='grc' dir='ltr'><em>ὁμοπτέρους</em></span> <span class='ocrx_word' id='word_1_165' title='bbox 1730 1966 1798 1997; x_wconf 85' lang='grc'><em>530</em></span> 
     </span>
     <span class='ocr_line' id='line_1_26' title="bbox 450 2026 1434 2084; baseline -0.003 -13"><span class='ocrx_word' id='word_1_166' title='bbox 450 2028 522 2072; x_wconf 85' lang='grc' dir='ltr'><em>καὶ</em></span> <span class='ocrx_word' id='word_1_167' title='bbox 555 2030 612 2084; x_wconf 87' lang='grc' dir='ltr'><em>μὴ</em></span> <span class='ocrx_word' id='word_1_168' title='bbox 644 2035 834 2083; x_wconf 84' lang='grc' dir='ltr'><em>γεγῶσιν</em></span> <span class='ocrx_word' id='word_1_169' title='bbox 867 2029 1049 2083; x_wconf 80' lang='grc' dir='ltr'><em>αἵματος</em></span> <span class='ocrx_word' id='word_1_170' title='bbox 1080 2027 1259 2082; x_wconf 87' lang='grc' dir='ltr'><em>ταύτοῦ,</em></span> <span class='ocrx_word' id='word_1_171' title='bbox 1290 2026 1434 2082; x_wconf 89' lang='grc' dir='ltr'><em>γέρον.</em></span> 
     </span>
     <span class='ocr_line' id='line_1_27' title="bbox 299 2095 1551 2155; baseline -0.003 -12"><span class='ocrx_word' id='word_1_172' title='bbox 299 2105 387 2143; x_wconf 86' lang='grc' dir='ltr'><em>ΠΡ.</em></span> <span class='ocrx_word' id='word_1_173' title='bbox 451 2103 507 2142; x_wconf 93' lang='grc' dir='ltr'><em>σὺ</em></span> <span class='ocrx_word' id='word_1_174' title='bbox 541 2098 583 2142; x_wconf 85' lang='grc' dir='ltr'><em>δ’</em></span> <span class='ocrx_word' id='word_1_175' title='bbox 621 2102 683 2150; x_wconf 80' lang='grc' dir='ltr'><em>εἰς</em></span> <span class='ocrx_word' id='word_1_176' title='bbox 716 2104 836 2155; x_wconf 76' lang='grc' dir='ltr'><em>ἴχνος</em></span> <span class='ocrx_word' id='word_1_177' title='bbox 868 2095 968 2154; x_wconf 80' lang='grc' dir='ltr'><em>βᾶσ’</em></span> <span class='ocrx_word' id='word_1_178' title='bbox 1004 2099 1198 2154; x_wconf 80' lang='grc' dir='ltr'><em>ἀρβύλης</em></span> <span class='ocrx_word' id='word_1_179' title='bbox 1230 2097 1388 2149; x_wconf 80' lang='grc' dir='ltr'><em>σκέψαι</em></span> <span class='ocrx_word' id='word_1_180' title='bbox 1420 2098 1551 2152; x_wconf 81' lang='grc' dir='ltr'><em>βάσιν</em></span> 
     </span>
     <span class='ocr_line' id='line_1_28' title="bbox 453 2167 1472 2228; baseline -0.003 -15"><span class='ocrx_word' id='word_1_181' title='bbox 453 2173 492 2213; x_wconf 84' lang='grc' dir='ltr'><em>εἰ</em></span> <span class='ocrx_word' id='word_1_182' title='bbox 523 2172 768 2226; x_wconf 87' lang='grc' dir='ltr'><em>σύμμετρος</em></span> <span class='ocrx_word' id='word_1_183' title='bbox 801 2176 863 2228; x_wconf 77' lang='grc' dir='ltr'><em>σῷ</em></span> <span class='ocrx_word' id='word_1_184' title='bbox 895 2169 1001 2212; x_wconf 83' lang='grc' dir='ltr'><em>ποδὶ</em></span> <span class='ocrx_word' id='word_1_185' title='bbox 1032 2171 1275 2224; x_wconf 84' lang='grc' dir='ltr'><em>γενήσεται,</em></span> <span class='ocrx_word' id='word_1_186' title='bbox 1304 2167 1472 2211; x_wconf 87' lang='grc' dir='ltr'><em>τέκνον.</em></span> 
     </span>
     <span class='ocr_line' id='line_1_29' title="bbox 293 2238 1485 2297; baseline -0.003 -13"><span class='ocrx_word' id='word_1_187' title='bbox 293 2246 390 2284; x_wconf 87' lang='grc' dir='ltr'><em>ΗΛ.</em></span> <span class='ocrx_word' id='word_1_188' title='bbox 452 2250 543 2292; x_wconf 86' lang='grc' dir='ltr'><em>πῶς</em></span> <span class='ocrx_word' id='word_1_189' title='bbox 576 2240 618 2283; x_wconf 84' lang='grc' dir='ltr'><em>δ’</em></span> <span class='ocrx_word' id='word_1_190' title='bbox 648 2241 702 2283; x_wconf 75' lang='grc' dir='ltr'><em>ἂν</em></span> <span class='ocrx_word' id='word_1_191' title='bbox 733 2239 897 2296; x_wconf 90' lang='grc' dir='ltr'><em>γένοιτ’</em></span> <span class='ocrx_word' id='word_1_192' title='bbox 928 2240 982 2283; x_wconf 77' lang='grc' dir='ltr'><em>ἂν</em></span> <span class='ocrx_word' id='word_1_193' title='bbox 1015 2240 1062 2283; x_wconf 85' lang='grc' dir='ltr'><em>ἐν</em></span> <span class='ocrx_word' id='word_1_194' title='bbox 1093 2238 1334 2297; x_wconf 79' lang='grc' dir='ltr'><em>κραταιλέῳ</em></span> <span class='ocrx_word' id='word_1_195' title='bbox 1367 2238 1485 2296; x_wconf 80' lang='grc' dir='ltr'><em>πέδῳ</em></span> 
     </span>
     <span class='ocr_line' id='line_1_30' title="bbox 452 2309 1799 2367; baseline -0.002 -13"><span class='ocrx_word' id='word_1_196' title='bbox 452 2315 577 2367; x_wconf 89' lang='grc' dir='ltr'><em>γαίας</em></span> <span class='ocrx_word' id='word_1_197' title='bbox 608 2313 760 2355; x_wconf 81' lang='grc' dir='ltr'><em>ποδῶν</em></span> <span class='ocrx_word' id='word_1_198' title='bbox 793 2314 1056 2366; x_wconf 74' lang='grc' dir='ltr'><em>ε”κμακτρον;</em></span> <span class='ocrx_word' id='word_1_199' title='bbox 1091 2313 1131 2353; x_wconf 81' lang='grc' dir='ltr'><em>εἰ</em></span> <span class='ocrx_word' id='word_1_200' title='bbox 1160 2309 1199 2353; x_wconf 76' lang='grc' dir='ltr'><em>δ’</em></span> <span class='ocrx_word' id='word_1_201' title='bbox 1231 2313 1350 2352; x_wconf 82' lang='grc' dir='ltr'><em>ἔστιν</em></span> <span class='ocrx_word' id='word_1_202' title='bbox 1381 2311 1495 2364; x_wconf 91' lang='grc' dir='ltr'><em>τόδε,</em></span> <span class='ocrx_word' id='word_1_203' title='bbox 1731 2320 1799 2351; x_wconf 91' lang='grc'><em>535</em></span> 
     </span>
     <span class='ocr_line' id='line_1_31' title="bbox 454 2380 1462 2437; baseline -0.002 -13"><span class='ocrx_word' id='word_1_204' title='bbox 454 2384 582 2425; x_wconf 80' lang='grc' dir='ltr'><em>δυοῖν</em></span> <span class='ocrx_word' id='word_1_205' title='bbox 615 2382 826 2437; x_wconf 82' lang='grc' dir='ltr'><em>ἀδελφοῖν</em></span> <span class='ocrx_word' id='word_1_206' title='bbox 859 2383 969 2431; x_wconf 81' lang='grc' dir='ltr'><em>ποὺς</em></span> <span class='ocrx_word' id='word_1_207' title='bbox 1002 2381 1056 2423; x_wconf 78' lang='grc' dir='ltr'><em>ἂν</em></span> <span class='ocrx_word' id='word_1_208' title='bbox 1089 2381 1142 2422; x_wconf 89' lang='grc' dir='ltr'><em>οὐ</em></span> <span class='ocrx_word' id='word_1_209' title='bbox 1173 2380 1337 2435; x_wconf 88' lang='grc' dir='ltr'><em>γένοιτ’</em></span> <span class='ocrx_word' id='word_1_210' title='bbox 1370 2385 1462 2430; x_wconf 81' lang='grc' dir='ltr'><em>ἴσος</em></span> 
     </span>
     <span class='ocr_line' id='line_1_32' title="bbox 454 2450 1543 2509; baseline -0.001 -14"><span class='ocrx_word' id='word_1_211' title='bbox 454 2453 616 2509; x_wconf 83' lang='grc' dir='ltr'><em>ἀνδρός</em></span> <span class='ocrx_word' id='word_1_212' title='bbox 648 2469 692 2495; x_wconf 92' lang='grc' dir='ltr'><em>τε</em></span> <span class='ocrx_word' id='word_1_213' title='bbox 725 2452 796 2495; x_wconf 87' lang='grc' dir='ltr'><em>καὶ</em></span> <span class='ocrx_word' id='word_1_214' title='bbox 828 2454 1052 2507; x_wconf 87' lang='grc' dir='ltr'><em>γυναικός,</em></span> <span class='ocrx_word' id='word_1_215' title='bbox 1087 2450 1179 2494; x_wconf 83' lang='grc' dir='ltr'><em>ἀλλ’</em></span> <span class='ocrx_word' id='word_1_216' title='bbox 1211 2452 1351 2507; x_wconf 80' lang='grc' dir='ltr'><em>ἅρσην</em></span> <span class='ocrx_word' id='word_1_217' title='bbox 1384 2459 1543 2508; x_wconf 82' lang='grc' dir='ltr'><em>κρατεῖ.</em></span> 
     </span>
     <span class='ocr_line' id='line_1_33' title="bbox 304 2521 1481 2578; baseline -0.003 -11"><span class='ocrx_word' id='word_1_218' title='bbox 304 2529 391 2567; x_wconf 89' lang='grc' dir='ltr'><em>ΠΡ.</em></span> <span class='ocrx_word' id='word_1_219' title='bbox 456 2524 536 2566; x_wconf 88' lang='grc' dir='ltr'><em>οὐκ</em></span> <span class='ocrx_word' id='word_1_220' title='bbox 568 2525 702 2577; x_wconf 81' lang='grc' dir='ltr'><em>ἔστιν,</em></span> <span class='ocrx_word' id='word_1_221' title='bbox 736 2525 775 2565; x_wconf 87' lang='grc' dir='ltr'><em>εἰ</em></span> <span class='ocrx_word' id='word_1_222' title='bbox 803 2521 876 2565; x_wconf 87' lang='grc' dir='ltr'><em>καὶ</em></span> <span class='ocrx_word' id='word_1_223' title='bbox 908 2529 992 2578; x_wconf 82' lang='grc' dir='ltr'><em>γῆν</em></span> <span class='ocrx_word' id='word_1_224' title='bbox 1024 2525 1285 2577; x_wconf 88' lang='grc' dir='ltr'><em>κασίγνητος</em></span> <span class='ocrx_word' id='word_1_225' title='bbox 1317 2524 1481 2578; x_wconf 85' lang='grc' dir='ltr'><em>μολών,</em></span> 
     </span>
    </p>
   </div>
   <div class='ocr_carea' id='block_1_3' title="bbox 275 2598 379 2601">
    <p class='ocr_par' dir='ltr' id='par_1_3' title="bbox 275 2598 379 2601">
     <span class='ocr_line' id='line_1_34' title="bbox 275 2598 379 2601; baseline 0 0"><span class='ocrx_word' id='word_1_226' title='bbox 275 2598 379 2601; x_wconf 95' lang='lat' dir='ltr'><em> </em></span> 
     </span>
    </p>
   </div>
   <div class='ocr_carea' id='block_1_4' title="bbox 278 2637 1801 3005">
    <p class='ocr_par' dir='ltr' id='par_1_4' title="bbox 278 2637 1801 3005">
     <span class='ocr_line' id='line_1_35' title="bbox 373 2637 1800 2686; baseline -0.003 -10"><span class='ocrx_word' id='word_1_227' title='bbox 373 2645 438 2676; x_wconf 84' lang='grc'><em>507</em></span> <span class='ocrx_word' id='word_1_228' title='bbox 456 2644 530 2676; x_wconf 92' lang='grc' dir='ltr'><em>ΠΡ.</em></span> <span class='ocrx_word' id='word_1_229' title='bbox 546 2640 607 2675; x_wconf 80' lang='lat' dir='ltr'><em>hie</em></span> <span class='ocrx_word' id='word_1_230' title='bbox 620 2639 792 2686; x_wconf 72' lang='lat' dir='ltr'><strong>praefixit</strong></span> <span class='ocrx_word' id='word_1_231' title='bbox 806 2642 843 2674; x_wconf 70' lang='lat' dir='ltr'><em>eb</em></span> <span class='ocrx_word' id='word_1_232' title='bbox 860 2641 946 2674; x_wconf 72' lang='lat' dir='ltr'>ante</span> <span class='ocrx_word' id='word_1_233' title='bbox 962 2643 1028 2673; x_wconf 82' lang='grc'><em>508</em></span> <span class='ocrx_word' id='word_1_234' title='bbox 1044 2651 1111 2673; x_wconf 90' lang='lat' dir='ltr'><em>om.</em></span> <span class='ocrx_word' id='word_1_235' title='bbox 1128 2640 1161 2674; x_wconf 99' lang='lat' dir='ltr'><strong><em>G</em></strong></span> <span class='ocrx_word' id='word_1_236' title='bbox 1175 2639 1178 2683; x_wconf 70' lang='grc' dir='ltr'>Ι</span> <span class='ocrx_word' id='word_1_237' title='bbox 1194 2637 1346 2683; x_wconf 79' lang='grc' dir='ltr'><em>ἀνόνητ’</em></span> <span class='ocrx_word' id='word_1_238' title='bbox 1364 2639 1399 2673; x_wconf 92' lang='lat' dir='ltr'><em>L</em></span> <span class='ocrx_word' id='word_1_239' title='bbox 1411 2640 1443 2673; x_wconf 89' lang='lat' dir='ltr'><strong><em>G</em></strong></span> <span class='ocrx_word' id='word_1_240' title='bbox 1459 2640 1461 2685; x_wconf 66' lang='lat' dir='ltr'>j</span> <span class='ocrx_word' id='word_1_241' title='bbox 1477 2638 1512 2674; x_wconf 79' lang='grc' dir='ltr'><em>δ’</em></span> <span class='ocrx_word' id='word_1_242' title='bbox 1531 2637 1614 2685; x_wconf 82' lang='grc' dir='ltr'><em>οὖν]</em></span> <span class='ocrx_word' id='word_1_243' title='bbox 1626 2638 1800 2683; x_wconf 77' lang='lat' dir='ltr'>Ehnsley,</span> 
     </span>
     <span class='ocr_line' id='line_1_36' title="bbox 278 2690 1800 2741; baseline -0.003 -11"><span class='ocrx_word' id='word_1_244' title='bbox 278 2701 368 2741; x_wconf 80' lang='grc' dir='ltr'><em>γοῦν</em></span> <span class='ocrx_word' id='word_1_245' title='bbox 382 2695 461 2730; x_wconf 88' lang='lat' dir='ltr'><em>LG</em></span> <span class='ocrx_word' id='word_1_246' title='bbox 484 2697 487 2738; x_wconf 94' lang='grc' dir='ltr'>Ι</span> <span class='ocrx_word' id='word_1_247' title='bbox 512 2695 578 2729; x_wconf 81' lang='grc' dir='ltr'><em>οὐκ</em></span> <span class='ocrx_word' id='word_1_248' title='bbox 606 2692 802 2728; x_wconf 76' lang='grc' dir='ltr'><em>ἀνέστενον</em></span> <span class='ocrx_word' id='word_1_249' title='bbox 822 2692 911 2727; x_wconf 86' lang='lat' dir='ltr'>olim</span> <span class='ocrx_word' id='word_1_250' title='bbox 926 2692 1034 2734; x_wconf 80' lang='lat' dir='ltr'>Weil,</span> <span class='ocrx_word' id='word_1_251' title='bbox 1055 2692 1136 2727; x_wconf 75' lang='lat' dir='ltr'>fort.</span> <span class='ocrx_word' id='word_1_252' title='bbox 1163 2693 1206 2727; x_wconf 82' lang='grc' dir='ltr'><em>οὐ</em></span> <span class='ocrx_word' id='word_1_253' title='bbox 1227 2691 1376 2737; x_wconf 82' lang='grc' dir='ltr'><em>κατέσχε</em></span> <span class='ocrx_word' id='word_1_254' title='bbox 1397 2705 1439 2736; x_wconf 82' lang='grc' dir='ltr'><em>με</em></span> <span class='ocrx_word' id='word_1_255' title='bbox 1532 2696 1599 2726; x_wconf 83' lang='grc'><em>509</em></span> <span class='ocrx_word' id='word_1_256' title='bbox 1627 2690 1800 2737; x_wconf 80' lang='grc' dir='ltr'><em>πάρεργ’]</em></span> 
     </span>
     <span class='ocr_line' id='line_1_37' title="bbox 278 2744 1799 2793; baseline -0.002 -11"><span class='ocrx_word' id='word_1_257' title='bbox 278 2749 360 2783; x_wconf 72' lang='lat' dir='ltr'><strong>fort.</strong></span> <span class='ocrx_word' id='word_1_258' title='bbox 381 2747 495 2792; x_wconf 78' lang='grc' dir='ltr'><em>παρὲξ</em></span> <span class='ocrx_word' id='word_1_259' title='bbox 555 2751 622 2781; x_wconf 89' lang='grc'><em>513</em></span> <span class='ocrx_word' id='word_1_260' title='bbox 643 2744 717 2793; x_wconf 85' lang='grc' dir='ltr'><em>οἶν]</em></span> <span class='ocrx_word' id='word_1_261' title='bbox 739 2746 923 2789; x_wconf 74' lang='lat' dir='ltr'>Sohaefer,</span> <span class='ocrx_word' id='word_1_262' title='bbox 951 2745 1009 2780; x_wconf 84' lang='grc' dir='ltr'><em>ὄϊν</em></span> <span class='ocrx_word' id='word_1_263' title='bbox 1030 2747 1106 2781; x_wconf 91' lang='lat' dir='ltr'><em>LG</em></span> <span class='ocrx_word' id='word_1_264' title='bbox 1163 2750 1231 2780; x_wconf 82' lang='grc'><em>519</em></span> <span class='ocrx_word' id='word_1_265' title='bbox 1253 2744 1491 2792; x_wconf 81' lang='grc' dir='ltr'><em>ἐθεράπευσ’]</em></span> <span class='ocrx_word' id='word_1_266' title='bbox 1519 2745 1659 2790; x_wconf 80' lang='lat' dir='ltr'>scripsi,</span> <span class='ocrx_word' id='word_1_267' title='bbox 1686 2744 1799 2779; x_wconf 81' lang='grc' dir='ltr'><em>ἐθαύ-</em></span> 
     </span>
     <span class='ocr_line' id='line_1_38' title="bbox 278 2797 1800 2845; baseline -0.003 -10"><span class='ocrx_word' id='word_1_268' title='bbox 278 2799 362 2845; x_wconf 80' lang='grc' dir='ltr'><em>μασ’</em></span> <span class='ocrx_word' id='word_1_269' title='bbox 381 2801 459 2835; x_wconf 83' lang='lat' dir='ltr'><em>LG</em></span> <span class='ocrx_word' id='word_1_270' title='bbox 534 2804 599 2834; x_wconf 79' lang='lat'><em>521</em></span> <span class='ocrx_word' id='word_1_271' title='bbox 622 2806 747 2845; x_wconf 84' lang='grc' dir='ltr'><em>χρῶμα</em></span> <span class='ocrx_word' id='word_1_272' title='bbox 767 2799 917 2844; x_wconf 79' lang='grc' dir='ltr'><em>ταύτὸν]</em></span> <span class='ocrx_word' id='word_1_273' title='bbox 938 2805 1063 2844; x_wconf 84' lang='grc' dir='ltr'><em>χρῶμα</em></span> <span class='ocrx_word' id='word_1_274' title='bbox 1083 2799 1193 2833; x_wconf 78' lang='grc' dir='ltr'><em>ταύτὸ</em></span> <span class='ocrx_word' id='word_1_275' title='bbox 1216 2798 1392 2843; x_wconf 78' lang='lat' dir='ltr'>Scaliger,</span> <span class='ocrx_word' id='word_1_276' title='bbox 1414 2797 1572 2844; x_wconf 79' lang='grc' dir='ltr'><em>χρώματ’</em></span> <span class='ocrx_word' id='word_1_277' title='bbox 1597 2799 1710 2843; x_wconf 82' lang='grc' dir='ltr'><em>αὐτῆς</em></span> <span class='ocrx_word' id='word_1_278' title='bbox 1723 2798 1800 2832; x_wconf 83' lang='lat' dir='ltr'><em>LG</em></span> 
     </span>
     <span class='ocr_line' id='line_1_39' title="bbox 279 2851 1800 2898; baseline -0.002 -10"><span class='ocrx_word' id='word_1_279' title='bbox 279 2858 347 2888; x_wconf 83' lang='grc'><em>533</em></span> <span class='ocrx_word' id='word_1_280' title='bbox 368 2853 572 2898; x_wconf 79' lang='grc' dir='ltr'><em>φανήσεται</em></span> <span class='ocrx_word' id='word_1_281' title='bbox 587 2853 732 2887; x_wconf 85' lang='lat' dir='ltr'>Dobree</span> <span class='ocrx_word' id='word_1_282' title='bbox 789 2856 856 2885; x_wconf 82' lang='lat'><em>534</em></span> <span class='ocrx_word' id='word_1_283' title='bbox 877 2851 1077 2896; x_wconf 78' lang='grc' dir='ltr'><em>κραταιλέω</em></span> <span class='ocrx_word' id='word_1_284' title='bbox 1092 2853 1180 2895; x_wconf 81' lang='lat' dir='ltr'><em>LG,</em></span> <span class='ocrx_word' id='word_1_285' title='bbox 1201 2851 1410 2895; x_wconf 82' lang='grc' dir='ltr'><em>κραταιλάω</em></span> <span class='ocrx_word' id='word_1_286' title='bbox 1429 2864 1451 2897; x_wconf 76' lang='lat'><em>9</em></span> <span class='ocrx_word' id='word_1_287' title='bbox 1501 2855 1567 2885; x_wconf 87' lang='grc'>536</span> <span class='ocrx_word' id='word_1_288' title='bbox 1589 2853 1691 2886; x_wconf 85' lang='grc' dir='ltr'><em>δυεῖν</em></span> <span class='ocrx_word' id='word_1_289' title='bbox 1711 2851 1800 2894; x_wconf 84' lang='lat' dir='ltr'><em>LG,</em></span> 
     </span>
     <span class='ocr_line' id='line_1_40' title="bbox 280 2902 1801 2952; baseline -0.003 -11"><span class='ocrx_word' id='word_1_290' title='bbox 280 2909 386 2941; x_wconf 80' lang='grc' dir='ltr'><em>ὁυοῖι·</em></span> <span class='ocrx_word' id='word_1_291' title='bbox 408 2908 419 2940; x_wconf 82' lang='lat' dir='ltr'><em>l</em></span> <span class='ocrx_word' id='word_1_292' title='bbox 440 2907 443 2952; x_wconf 23' lang='grc' dir='ltr'><em>’χ</em></span> <span class='ocrx_word' id='word_1_293' title='bbox 468 2905 601 2951; x_wconf 81' lang='grc' dir='ltr'><em>γένοιτ’</em></span> <span class='ocrx_word' id='word_1_294' title='bbox 627 2908 661 2951; x_wconf 84' lang='grc' dir='ltr'><em>(γ</em></span> <span class='ocrx_word' id='word_1_295' title='bbox 681 2917 789 2940; x_wconf 81' lang='lat' dir='ltr'>rescr.</span> <span class='ocrx_word' id='word_1_296' title='bbox 806 2906 830 2949; x_wconf 83' lang='lat' dir='ltr'><em>Z)</em></span> <span class='ocrx_word' id='word_1_297' title='bbox 851 2906 896 2948; x_wconf 83' lang='lat' dir='ltr'><em>L,</em></span> <span class='ocrx_word' id='word_1_298' title='bbox 923 2904 1056 2940; x_wconf 80' lang='grc' dir='ltr'><em>δέιόιτ’</em></span> <span class='ocrx_word' id='word_1_299' title='bbox 1085 2906 1128 2949; x_wconf 79' lang='lat' dir='ltr'><em>G,</em></span> <span class='ocrx_word' id='word_1_300' title='bbox 1155 2903 1289 2950; x_wconf 78' lang='grc' dir='ltr'><em>γένοιτ’</em></span> <span class='ocrx_word' id='word_1_301' title='bbox 1313 2917 1335 2950; x_wconf 76' lang='lat'><em>9</em></span> <span class='ocrx_word' id='word_1_302' title='bbox 1409 2909 1475 2939; x_wconf 83' lang='lat'><em>537</em></span> <span class='ocrx_word' id='word_1_303' title='bbox 1498 2904 1630 2949; x_wconf 73' lang='grc' dir='ltr'><em>ἄρσην]</em></span> <span class='ocrx_word' id='word_1_304' title='bbox 1651 2903 1687 2938; x_wconf 93' lang='lat' dir='ltr'><em>L.</em></span> <span class='ocrx_word' id='word_1_305' title='bbox 1710 2902 1801 2936; x_wconf 88' lang='lat' dir='ltr'>Din-</span> 
     </span>
     <span class='ocr_line' id='line_1_41' title="bbox 281 2955 1801 3005; baseline -0.002 -12"><span class='ocrx_word' id='word_1_306' title='bbox 281 2959 373 3003; x_wconf 80' lang='lat' dir='ltr'><strong>dorf,</strong></span> <span class='ocrx_word' id='word_1_307' title='bbox 402 2959 517 3005; x_wconf 78' lang='grc' dir='ltr'><em>ἄρσην</em></span> <span class='ocrx_word' id='word_1_308' title='bbox 537 2960 615 2995; x_wconf 90' lang='lat' dir='ltr'><em>LG</em></span> <span class='ocrx_word' id='word_1_309' title='bbox 690 2962 757 2993; x_wconf 84' lang='grc'><em>538</em></span> <span class='ocrx_word' id='word_1_310' title='bbox 777 2958 809 2993; x_wconf 84' lang='grc' dir='ltr'><em>εἰ</em></span> <span class='ocrx_word' id='word_1_311' title='bbox 828 2957 880 3003; x_wconf 81' lang='grc' dir='ltr'><em>δ’,</em></span> <span class='ocrx_word' id='word_1_312' title='bbox 907 2970 1082 3003; x_wconf 75' lang='lat' dir='ltr'>superscr.</span> <span class='ocrx_word' id='word_1_313' title='bbox 1106 2959 1184 3002; x_wconf 79' lang='grc' dir='ltr'><em>οὐκ,</em></span> <span class='ocrx_word' id='word_1_314' title='bbox 1208 2959 1253 3002; x_wconf 86' lang='lat' dir='ltr'><em>L,</em></span> <span class='ocrx_word' id='word_1_315' title='bbox 1280 2958 1312 2992; x_wconf 86' lang='grc' dir='ltr'><em>εἰ</em></span> <span class='ocrx_word' id='word_1_316' title='bbox 1331 2957 1366 2992; x_wconf 83' lang='grc' dir='ltr'><em>δ’</em></span> <span class='ocrx_word' id='word_1_317' title='bbox 1394 2958 1427 2992; x_wconf 91' lang='lat' dir='ltr'><strong><em>G</em></strong></span> <span class='ocrx_word' id='word_1_318' title='bbox 1450 2959 1454 3002; x_wconf 76' lang='grc' dir='ltr'>Ι</span> <span class='ocrx_word' id='word_1_319' title='bbox 1476 2955 1580 3002; x_wconf 85' lang='grc' dir='ltr'><em>μόλοι</em></span> <span class='ocrx_word' id='word_1_320' title='bbox 1605 2957 1801 3002; x_wconf 80' lang='lat' dir='ltr'>Musgrave</span> 
     </span>
    </p>
   </div>
  </div>
 </body>
</html>
