1929 3208
706 106 954 138 ΑΛΚΗΣΉΣ
1564 109 1577 148 1
1587 107 1614 147 5

127 217 217 257 XO.
258 215 356 256 ἰδοὺ
392 213 505 267 ἰδού,

264 284 332 338 ἥδ’
364 284 412 326 ἐκ
442 284 592 338 δόμων
624 284 678 338 δὴ
711 284 783 325 καὶ
814 285 942 333 πόσις
974 283 1220 338 πορεύεται.

262 355 473 406 στέναξον
503 351 552 409 ὦ,
584 356 766 408 βόασον,
797 351 831 397 ὦ
868 356 1034 409 Φεραία

262 427 403 481 χθών,
434 427 515 468 τὰν
546 424 732 481 ἀρίστοιν
1547 435 1616 466 235

264 504 451 551 γυναῖκα
482 497 812 552 μαραινομέναν
844 499 961 553 νόσῳ

265 569 371 610 κατὰ
402 574 482 622 γᾶς
513 569 702 623 χθόνιον
735 568 837 623 παρ’
870 566 1037 610 Ἅιδαν.

265 687 425 728 οὔποτε
458 689 585 741 φήσω
617 686 759 740 γάμον
790 686 1051 740 εὐφραίνειν

267 757 402 800 πλέον
433 757 459 811 ἢ
494 760 664 810 λυπεῖν,
696 762 788 806 τοῖς
818 771 864 798 τε
899 756 1120 810 πάροιθεν

265 829 604 882 τεκμαιρόμενος
634 827 707 869 καὶ
739 827 871 869 τάσδε
902 827 1036 882 τύχας
1550 829 1620 869 240

267 899 465 941 λεύσσων
497 898 730 953 βασιλέως,
762 896 884 948 ὅστις
915 897 1096 952 ἀρίστης

266 969 474 1012 ἀπλακὼν
506 968 670 1024 ἀλόχου
702 969 827 1023 τῆσδ’
860 969 1052 1022 ἀβίωτον

266 1042 344 1082 τὸν
376 1038 523 1082 ἔπειτα
554 1042 720 1095 χρόνον
751 1040 981 1093 βιοτεύσει.

707 1182 966 1214 ΑΛΚΗΣΤΙΣ.

258 1252 377 1296 “Am
409 1255 481 1296 καὶ
513 1254 626 1308 φάος
657 1252 819 1309 ἁμέρας
1402 1252 1565 1307 stroph.

269 1323 478 1379 οὖράνιαί
506 1340 551 1366 τε
584 1325 700 1367 δῖναι
735 1323 923 1378 νεφέλας
955 1324 1185 1378 δρομαίου.
1557 1334 1626 1366 245

719 1465 961 1498 ΑΔΜΗΤΟΣ.

273 1538 355 1594 ὁρᾷ
386 1536 434 1580 σὲ
465 1537 585 1591 κάμέ,
619 1538 701 1579 δύο
732 1544 874 1586 κακῶς
904 1538 1201 1591 πεπραγότας,

272 1608 406 1650 οὐδὲν
437 1610 575 1658 θεοὺς
607 1608 855 1662 δράσαντας
887 1607 992 1649 ἀνθ’
1025 1605 1132 1649 ὅτου
1165 1611 1297 1663 θανῇ.

115 1742 211 1780 ΑΛ.
273 1739 376 1792 γαῖά
407 1753 452 1779 τε
484 1737 557 1779 καὶ
587 1738 826 1794 μελάθρων
858 1737 1008 1793 στέγαι
1403 1739 1568 1780 antistr.

271 1809 508 1863 νυμφίδιοί
536 1824 582 1850 τε
614 1816 757 1851 κοῖται
787 1811 972 1864 πατρίας
1001 1810 1191 1851 Ἰωλκοῦ.

113 1885 209 1923 ΑΔ.
272 1878 422 1934 ἔπαιρε
455 1882 637 1934 σαυτήν,
669 1878 702 1922 ὦ
734 1880 932 1935 τάλαινα,
963 1881 1020 1935 μὴ
1053 1880 1246 1935 προδῷς·
1559 1891 1628 1922 250

274 1953 430 1993 λίσσου
462 1951 512 1993 δὲ
541 1953 647 2001 τοὺς
677 1957 949 2006 κρατοῦντας
980 1952 1194 2005 οἰκτεῖραι
1225 1951 1372 2000 θεούς.

118 2084 213 2123 ΑΛ.
276 2082 364 2134 ὁρῶ
396 2082 592 2123 δίκωπον
624 2081 712 2136 ὁρῶ
747 2081 915 2136 σκάφος
950 2080 1019 2136 [ἐν
1053 2081 1228 2138 λίμνᾳ],
1410 2081 1570 2135 stroph.

274 2153 446 2194 νεκύων
478 2152 527 2194 δὲ
558 2154 788 2207 πορθμεὺς

275 2221 387 2277 ἔχων
419 2222 510 2278 χέρ’
541 2222 612 2265 ἐπὶ
644 2230 785 2278 κοντῷ
811 2223 973 2278 Χάρων
1004 2223 1049 2277 μ’
1080 2224 1165 2277 ἤδη
1198 2227 1336 2265 καλεῖ·
1365 2225 1422 2276 ,τί
1446 2222 1633 2276 μέλλεις;

276 2293 471 2348 ἐπείγου·
506 2295 561 2336 σὺ
593 2294 859 2348 κατείργειςῖ
1564 2303 1632 2335 255

126 2426 193 2456 233
220 2424 305 2458 ἰδοὺ
331 2423 415 2458 ἰδού
441 2433 511 2457 om.
538 2423 567 2459 S
686 2426 753 2457 234
793 2422 967 2465 στέναξον
1006 2420 1033 2457 ὦ
1072 2422 1211 2469 βόασον
1250 2422 1399 2468 (βόησον
1438 2423 1484 2466 Ρ)
1523 2418 1550 2456 ὦ
1585 2421 1632 2465 S]

65 2469 203 2516 βόασον
229 2466 256 2504 ὦ
285 2468 457 2513 στέναξον
483 2467 510 2505 ὦ
537 2483 557 2505 r
677 2473 744 2505 237
772 2476 838 2515 γᾶς
863 2471 915 2514 Β]
942 2475 1013 2515 γᾶν
1039 2482 1059 2505 ’ν
1093 2472 1098 2514 Ι
1133 2470 1292 2516 χθόνιον
1318 2469 1414 2504 κατὰ
1442 2475 1507 2513 γᾶς
1533 2467 1633 2503 Weil

64 2518 146 2552 fort.
175 2518 302 2563 νύχιον
327 2517 426 2553 κατὰ
452 2522 535 2562 γᾶς,
573 2517 636 2552 cfr.
665 2517 797 2552 Aesch.
837 2516 923 2552 Cho.
966 2520 1096 2562 7233q.
1138 2540 1142 2555 .
1184 2517 1282 2553 ἄδαν
1321 2518 1361 2561 S]
1408 2516 1522 2551 ἀΐὸαν
1565 2527 1586 2550 r

65 2568 132 2599 239
159 2564 345 2608 πάροιθεν
371 2565 420 2609 L]
447 2564 611 2609 πάροιθε
636 2577 655 2600 r
752 2568 818 2600 241
847 2565 1023 2609 λεύσσων]
1051 2566 1188 2600 λεύσων
1214 2565 1279 2600 καὶ
1305 2565 1334 2600 S
1367 2564 1445 2609 (καὶ
1473 2563 1544 2598 del.
1571 2563 1595 2605 l)
1624 2563 1629 2609 Ι

66 2612 163 2652 ὅστις
188 2613 223 2647 L
260 2625 316 2652 τις
343 2611 506 2647 deletum
628 2616 696 2647 242
735 2613 911 2648 ἀπλακών
936 2612 1163 2658 Wakefield]
1195 2612 1398 2657 ἀμπλακὼν
1424 2611 1452 2646 S
1488 2611 1633 2654 ἀμπλα-

65 2665 140 2695 κῶν
166 2672 184 2694 r
219 2660 270 2702 (in
296 2660 332 2694 B
363 2661 382 2693 λ
421 2670 464 2694 ex
496 2659 542 2694 al.
569 2659 625 2694 lit.
653 2671 744 2694 corr.
771 2660 850 2704 13¹),
889 2659 954 2694 cfr.
990 2658 1130 2695 Clemm
1169 2671 1261 2695 mus.
1289 2659 1391 2694 rhen.
1420 2661 1463 2692 32
1501 2668 1536 2701 p.
1563 2660 1631 2691 467

114 2710 181 2741 243
208 2706 357 2753 χρόνον]
393 2705 474 2752 βίον
499 2706 538 2741 F.
560 2706 658 2742 Gnil.
679 2706 851 2742 Schmidt
947 2711 1016 2741 244
1055 2706 1194 2752 ἡμέρας
1231 2707 1260 2742 S
1355 2709 1423 2739 245
1463 2704 1633 2748 οὐράνιοι

66 2754 174 2789 Earle
295 2757 361 2788 247
388 2756 524 2789 θανεῖν
550 2754 585 2789 L
621 2757 725 2800 θανῇ
750 2766 770 2789 r
806 2754 890 2789 fort.
918 2754 1004 2790 ἀνθ.
1034 2754 1116 2790 οῖόυ
1141 2757 1280 2789 θανεῖν
1403 2755 1471 2786 249
1498 2751 1633 2796 νυμφί-

67 2803 147 2836 διαι
172 2802 200 2837 S
231 2803 235 2846 Ι
269 2799 429 2845 πατρίας
455 2800 609 2845 Aldina]
635 2803 811 2845 πατρώας
835 2801 922 2836 libri
1007 2805 1074 2836 252
1103 2802 1177 2845 ὁρῶ
1204 2803 1290 2835 ante
1317 2800 1462 2844 σκάφος
1488 2810 1634 2834 erasum

67 2849 106 2882 in
133 2849 165 2883 L
200 2850 205 2893 Ι
240 2849 277 2884 ἐν
303 2848 412 2897 λίμνᾳ
439 2847 510 2883 del.
537 2847 674 2882 Aldina
749 2852 816 2883 254
843 2848 918 2894 χέρ’
946 2848 1100 2893 Aldina]
1127 2847 1219 2894 χεῖρ’
1247 2847 1334 2882 libri
1363 2848 1369 2895 Ι
1400 2860 1442 2891 με
1470 2845 1515 2890 δὴ
1535 2845 1634 2881 Weil

1301 2919 1349 2952 20
