1929 3208
269 160 323 196 ,ἹΗ
897 159 1166 192 ΕΥΡΙΠΙΔΟΥ

447 266 585 320 [μισεῖ
614 265 696 319 γὰρ
730 265 752 307 ὁ
784 266 889 315 θεὸς
921 266 1002 319 τὴν
1034 268 1152 319 βίαν,
1183 267 1234 308 τὰ
1267 267 1399 321 κτητὰ
1433 265 1479 309 δὲ

446 341 632 377 κτᾶσθαι
666 337 830 379 κελεύει
863 336 1027 386 πάντας
1061 337 1140 378 οὐκ
1173 337 1215 387 ἐς
1248 337 1454 391 ἁρπαγάς.

448 406 592 456 ἐατέος
624 406 664 448 δ’
701 407 723 449 ὁ
755 411 942 457 πλοῦτος
976 409 1122 458 ἄδικός
1154 425 1218 458 τις
1251 409 1323 449 ὥν.
1723 419 1791 449 905

446 478 593 527 κοινὸς
626 478 708 531 γάρ
742 479 860 520 ἐστιν
894 478 1083 531 οὐρανὸς
1114 485 1247 521 πᾶσιν
1281 482 1456 535 βροτοῖς

446 546 515 589 καὶ
549 545 654 601 γαῖ’,
688 548 734 590 ἐν
769 543 794 604 ᾖ
827 550 907 604 χρὴ
941 548 1104 604 δώματ’
1143 548 1565 604 ἀναπληρουμένους

449 617 679 672 τάλλότρια
713 620 770 673 μὴ
794 619 910 674 ”χειν
942 619 1043 674 μηδ’
1082 620 1372 676 ἀφαιρεῖσθαι
1405 620 1510 676 βίᾳ]

447 689 557 743 ἡμᾶς
591 688 637 732 δε
670 693 850 745 καιρίως
882 690 977 745 μέν,
1010 691 1178 741 ἀθλίως
1211 688 1250 733 δ’
1288 691 1397 747 ἐμοί,

444 757 604 815 Ἑρμῆς
636 763 771 803 ε’δωκε
803 761 933 817 πατρὶ
966 768 1028 819 σῷ
1061 761 1215 818 σςόζειν
1247 765 1371 804 πόσει
1727 772 1795 802 910

448 829 551 888 τῷδ’
591 831 638 882 ὃς
670 832 850 887 πάρεστι
883 833 1212 884 κάπολάζυσθαι
1244 832 1377 874 θέλει.

450 910 540 952 πῶς
574 899 656 944 οὖν
687 904 844 945 θανὼν
877 903 931 945 ἂν
965 903 1198 959 ἀπολάβοι;
1231 910 1374 953 κεῖνος
1407 901 1454 946 δὲ
1487 910 1578 952 πῶς

450 973 501 1014 τὰ
535 976 671 1024 ζῶντα
704 982 796 1024 τοῖς
826 979 1050 1017 θανοῦσιν
1082 975 1269 1029 ἀποδοίη
1301 971 1398 1016 ποτ’
1434 975 1507 1025 ἅν;

448 1044 533 1098 ἤδη
565 1045 616 1086 τὰ
650 1051 729 1087 τοῦ
760 1050 872 1088 θεοῦ
903 1045 974 1088 καὶ
1007 1047 1057 1088 τὰ
1090 1053 1169 1088 τοῦ
1201 1047 1362 1101 πατρὸς
1395 1047 1562 1087 σκόπει·

447 1116 633 1169 πότερον
667 1116 689 1158 ὁ
723 1118 892 1171 δαίμων
924 1117 985 1172 χὼ
1017 1118 1173 1159 θανὼν
1204 1118 1257 1158 τὰ
1289 1124 1376 1158 τῶν
1409 1115 1540 1165 πέλας
1728 1125 1795 1156 915

449 1186 668 1239 βούλοιντ’
705 1186 760 1228 ἂν
792 1187 817 1242 ἢ
851 1188 904 1230 οὐ
936 1184 1159 1242 βούλοιντ’
1196 1187 1250 1229 ἂν
1283 1187 1529 1229 ἀποδοῦναι
1560 1187 1712 1235 πάλιν;

454 1258 569 1298 δοκῶ
602 1256 693 1311 μέν.
757 1258 920 1300 οὔκουν
953 1261 1034 1313 χρή
1061 1270 1109 1300 σε
1143 1260 1344 1315 συγγόνῳ
1378 1256 1511 1299 πλέον

448 1326 597 1382 νέμειν
630 1329 796 1385 ματαίῳ
829 1331 996 1382 μᾶλλον
1028 1327 1054 1382 ἣ
1086 1333 1259 1384 χρηστῷ
1292 1329 1437 1383 πατρί,

450 1399 489 1439 εἰ
521 1395 559 1440 δ’
598 1395 709 1440 οὖσα
741 1399 897 1452 μάντις
928 1397 1000 1440 καὶ
1032 1400 1083 1440 τὰ
1114 1397 1200 1441 θεῖ’
1238 1397 1461 1453 ἡγουμένη

447 1470 496 1511 τὸ
529 1467 609 1524 μὲν
642 1470 816 1511 δίκαιον
848 1475 927 1511 τοῦ
959 1471 1123 1524 πατρὸς
1155 1471 1428 1523 διαφθερεῖς,
1728 1478 1798 1509 920

449 1546 508 1598 τῷ
543 1539 582 1582 δ’
619 1541 672 1583 οὐ
706 1542 861 1598 δικαίῳ
895 1542 1099 1596 συγγόνῳ
1134 1541 1290 1590 δώσεις
1323 1542 1466 1594 δίκην,

450 1612 633 1667 αἰσχρὸν
665 1612 717 1652 τὰ
749 1611 830 1666 μέν
862 1623 910 1653 σε
942 1616 1046 1654 θεῖα
1078 1610 1202 1653 πάντ’
1242 1610 1466 1664 ἐξειδέναι,

448 1682 500 1724 τά
531 1680 565 1723 τ’
606 1683 711 1724 ὄντα
744 1681 815 1724 καὶ
849 1682 1078 1737 μέλλοντα,
1113 1683 1165 1724 τὰ
1198 1681 1245 1724 δὲ
1279 1683 1426 1724 δίκαια
1458 1682 1528 1736 μή.

454 1826 533 1878 τήν
564 1822 599 1865 τ’
639 1823 803 1865 ἀθλίαν
836 1822 920 1879 ἔμ’,
953 1819 1068 1866 οἷσιν
1101 1826 1294 1878 ἔγκειμαι
1326 1830 1488 1877 κακοῖς,

451 1894 595 1949 ῥῦσαι,
628 1895 850 1949 πάρεργον
884 1896 1024 1936 δοῦσα
1055 1901 1185 1936 τοῦτο
1217 1901 1292 1948 τῆς
1324 1895 1474 1949 τύχης·
1731 1904 1798 1934 925

444 1963 627 2019 Ἑλένην
659 1966 742 2019 γὰρ
775 1964 921 2015 οὐδεὶς
953 1966 1071 2015 ὅστις
1105 1965 1158 2007 οὐ
1191 1972 1343 2019 στυγεῖ
1371 1967 1562 2020 βροτῶν·

456 2037 477 2091 ἢ
509 2035 718 2092 κλῄζομαι
749 2035 850 2078 καθ’
883 2034 1058 2078 Ἑλλάδ’
1095 2037 1152 2086 ὡς
1184 2034 1396 2091 προδοῦσ’
1435 2035 1541 2089 ἐμὸν

451 2110 585 2150 πόσιν
622 2111 813 2163 Φρυγῶν
846 2107 995 2164 ᾤκησα
1028 2108 1336 2163 πολυχρύσους
1370 2108 1544 2161 δόμους.

450 2169 506 2232 ἢν
540 2175 579 2219 δ’
609 2175 782 2220 Ἑλλάδ’
821 2180 938 2220 ἔλθω
972 2177 1140 2232 κάπιβῶ
1174 2178 1380 2232 Σπάρτης
1412 2211 1420 2219 .
1453 2211 1461 2218 .
1495 2209 1507 2231 ,

450 2249 658 2298 κλύοντες
689 2250 928 2298 εἰσιδόντες
960 2249 1018 2298 ὡς
1048 2248 1220 2303 τέχναις
1251 2255 1371 2290 θεῶν
1729 2257 1798 2288 930

453 2318 625 2372 ὤλοντ’,
660 2320 742 2373 ἐγὼ
777 2317 824 2361 δὲ
856 2320 1064 2374 προδότις
1097 2319 1177 2360 οὐκ
1209 2317 1277 2374 ἄρ’
1314 2316 1340 2372 ἧ
1374 2321 1531 2372 φίλων,

370 2424 436 2453 903
469 2417 553 2465 βίας
588 2420 632 2462 G,
664 2417 750 2465 βίαν
781 2431 804 2464 9
931 2422 1081 2452 903-8
1115 2417 1253 2451 ‹lelex-ib
1284 2417 1446 2452 Dindorf
1474 2418 1556 2462 (905
1589 2417 1801 2461 suspectum

273 2472 408 2507 habuit
436 2471 635 2516 Hermann)
733 2476 800 2506 906
827 2476 915 2506 πᾶσι
943 2471 1021 2506 LG
1119 2474 1186 2505 909
1214 2469 1379 2517 καιρίως]
1407 2470 1588 2513 Badham,
1614 2467 1803 2514 μακαρίως

274 2526 353 2561 LG
427 2529 494 2560 912
511 2537 562 2569 sq.
585 2525 686 2559 delet
704 2524 837 2559 Nauck
912 2528 978 2558 913
1006 2522 1166 2568 ἀποδοίη
1194 2522 1275 2558 ποτ’
1307 2523 1369 2569 ἄν]
1390 2524 1539 2567 Porson‚
1567 2521 1614 2558 ἂν
1640 2520 1800 2566 ἀποδοίη

274 2577 364 2614 ποτέ
386 2579 464 2614 LG—
568 2582 635 2612 914
664 2577 750 2623 ἤδη]
776 2577 927 2620 Exn-nes,
956 2575 978 2620 ἢ
1005 2572 1055 2621 (ἦ)
1082 2576 1127 2621 δὴ
1154 2577 1244 2620 LG,
1270 2577 1313 2611 σὺ
1339 2576 1383 2621 δὴ
1410 2576 1543 2610 Nauck
1646 2579 1712 2610 915
1739 2575 1802 2609 καὶ

276 2633 294 2667 ὁ
321 2634 373 2676 L,
407 2631 468 2677 χ’ᾰ)
496 2632 551 2666 {G
673 2635 740 2665 916
766 2629 787 2674 ἢ
815 2630 874 2676 οὐ]
902 2629 1053 2673 canter,
1089 2628 1108 2673 ἦ
1136 2630 1213 2664 LG
1335 2633 1402 2663 917
1429 2628 1513 2674 χρή]
1540 2628 1622 2663 fort.
1651 2629 1709 2662 δεῖ

276 2688 341 2718 921
371 2685 499 2723 δώσεις
525 2683 634 2728 χάριν
660 2682 807 2726 Reiske,
833 2682 958 2722 σώσεις
984 2681 1092 2727 δίκην
1118 2682 1244 2716 Bruhn
1366 2686 1433 2715 9⁶23
1460 2679 1652 2725 μέλλοντα,
1683 2679 1729 2714 τὰ
1760 2679 1801 2714 δὲ

276 2736 404 2771 δίκαια
431 2736 495 2783 μή]
522 2737 579 2771 W.
602 2736 642 2770 G.
666 2735 788 2779 Clark,
815 2734 874 2779 μή,
901 2735 944 2769 τὰ
973 2734 1012 2769 δὲ
1039 2734 1167 2770 δίκαια
1194 2735 1241 2780 μὴ
1270 2733 1409 2770 εἰδέναι
1435 2735 1513 2769 LG
1619 2733 1707 2768 Post
1733 2737 1800 2767 923

276 2790 449 2824 lacunam
474 2789 655 2824 indicavit
672 2789 861 2823 Hermann
879 2797 886 2803 ⁸
959 2793 1025 2823 924
1051 2787 1113 2832 ε’μέ
1132 2789 1177 2832 L,
1205 2787 1260 2832 ἔμ’
1286 2790 1298 2823 Ζ
1395 2792 1462 2822 929
1489 2786 1665 2831 Σπάρτης
1689 2785 1802 2821 πάλιν

278 2854 403 2887 apogr.
424 2842 552 2886 Paris„
578 2842 754 2886 Σπάρτης
780 2840 868 2876 ποτέ
887 2841 1030 2883 Nauck,
1058 2841 1142 2876 fort.
1165 2840 1341 2885 Σπάρτης
1366 2839 1481 2875 πέδου
1574 2844 1639 2874 931
1667 2837 1802 2883 προδό-

277 2910 340 2940 της
363 2897 395 2931 G
417 2898 421 2941 l
446 2892 490 2940 ἦν
509 2896 588 2931 LG
610 2899 613 2940 Ι
638 2896 704 2930 οὐκ
726 2895 820 2940 ἤμην
840 2893 969 2930 τέκνον
990 2895 1025 2939 (i.
1049 2906 1078 2928 e.
1099 2894 1251 2939 τέκνων)
1272 2894 1448 2929 Choerob.
1471 2905 1549 2928 can.
1570 2893 1603 2926 ΙΙ
1622 2905 1656 2938 p.
1679 2896 1759 2937 882,
1781 2896 1800 2926 9
