1929 3208
614 791 875 847 ‘Yndffecng
915 786 1152 857 Μηδείας.

234 922 388 966 Ἰάσων
433 924 494 973 εἰς
533 925 764 977 Κόρινθον
803 922 964 975 ἐλθών,
1009 922 1279 977 ἐπαγόμενος
1316 921 1388 964 καὶ.
1425 924 1647 978 Μήδειαν,

124 995 332 1050 ἐγγυᾶται
368 993 440 1037 καὶ
477 995 557 1048 τὴν
589 993 811 1048 Κρέοντος
847 1000 927 1036 τοῦ
958 996 1220 1048 Κορινθίων
1257 993 1470 1048 βασιλέως
1509 999 1650 1049 θυγα-

120 1066 224 1121 τέρα
262 1067 468 1120 Γλαύκην
508 1066 618 1120 πρὸς
658 1065 811 1119 γάμον.
874 1064 1095 1120 μέλλουσα
1137 1062 1186 1107 δὲ
1225 1065 1252 1120 ἡ
1285 1067 1463 1120 Μήδεια
1509 1082 1650 1120 φυγα-

121 1138 333 1180 δεύεσθαι
378 1137 463 1178 ὑπὸ
509 1135 730 1191 Κρέοντος
776 1137 822 1178 ἐκ
864 1143 940 1191 τῆς
983 1139 1238 1190 Κορίνθου,
1288 1136 1645 1192 παραιτησαμένη

120 1210 230 1263 πρὸς
267 1210 372 1263 μίαν
408 1206 576 1262 ἡμέραν
614 1215 758 1262 μεῖναι
795 1206 868 1249 καὶ
905 1214 1120 1262 τυχοῦσα,
1159 1209 1325 1262 μισθὸν
1362 1214 1439 1262 τῆς
1477 1209 1652 1263 χάριτος
1701 1227 1721 1256 5

121 1281 242 1334 δῶρα
274 1280 347 1322 διὰ
377 1286 465 1320 τῶν
496 1280 669 1321 παίδων
695 1278 851 1333 πέμπει
877 1285 928 1334 τῇ
957 1280 1133 1334 Γλαύκῃ
1161 1279 1326 1333 ἐσθῆτα
1352 1278 1425 1321 καὶ
1451 1287 1648 1334 χρυσοῦν

123 1351 362 1406 στέφανον,
400 1344 465 1400 οἷς
502 1349 647 1405 ἐκείνη
679 1349 930 1405 χρησαμένη
965 1352 1291 1404 διαφθείρεται·
1329 1350 1402 1392 καὶ
1434 1351 1456 1393 ὁ
1491 1350 1648 1405 Κρέων

123 1420 171 1464 δὲ
220 1420 500 1475 περιπλακεὶς
548 1426 599 1476 τῇ
648 1420 841 1476 θυγατρὶ
891 1421 1142 1463 ἀπόλλυται.
1222 1423 1395 1475 Μήδεια
1446 1420 1494 1464 δὲ
1543 1425 1647 1472 τοὺς

123 1491 278 1547 ἑαυτῆς
317 1493 478 1542 παῖδας
519 1491 811 1534 ἀποκτείνασα
851 1491 919 1534 ε’πὶ
957 1493 1149 1547 ἅρματος
1188 1493 1444 1546 δρακόντων
1481 1509 1645 1548 πτερω-

119 1571 208 1605 τῶν
241 1563 264 1605 ὃ
296 1562 398 1618 παρ’
426 1560 581 1605 “Ηλίου
614 1565 771 1618 ἔλαβεν
805 1565 959 1618 ἔποχος
990 1563 1204 1618 γενομένη
1239 1564 1551 1617 ἀποδιδράσκει
1585 1566 1647 1615 εἰς
1675 1583 1718 1613 10

115 1632 307 1688 Ἀθήνας
344 1634 515 1676 κάκεῖσε
562 1635 684 1688 Αἰγεῖ
719 1640 779 1691 τῷ
820 1635 1074 1684 Πανδίονος
1110 1643 1322 1689 γαμεῖται.
1395 1637 1647 1690 Φερεκύδης

121 1702 171 1746 δὲ
202 1703 274 1747 καὶ
301 1706 556 1759 Σιμωνίδης
585 1703 722 1760 φασὶν
749 1705 806 1754 ὡς
832 1705 858 1759 ἡ
884 1707 1062 1760 Μήδεια
1089 1705 1347 1760 ἀνεψήσασα
1373 1708 1451 1748 τὸν
1473 1706 1648 1749 Ἰάσονα

119 1774 224 1818 νέον
268 1778 474 1831 ποιήσειε.
537 1775 636 1829 περὶ
676 1774 723 1818 δὲ
761 1782 842 1818 τοῦ
878 1779 1041 1831 πατρὸς
1079 1777 1215 1819 αὐτοῦ
1249 1781 1442 1828 Αἴσονος
1478 1778 1501 1820 ὁ
1540 1781 1645 1828 τοὺς

121 1848 307 1897 νόστους
337 1849 523 1902 ποιήσας
555 1847 694 1902 φησὶν
726 1848 882 1898 οὕτως·

298 1918 452 1960 αὐτίκα
486 1917 526 1960 δ’
563 1923 733 1961 Αἴσονα
763 1923 876 1973 θῆκε
909 1922 1043 1974 φίλον
1075 1921 1211 1973 κόρον
1243 1920 1466 1974 ἡβώοντα,
1675 1939 1716 1969 15

298 1996 434 2044 γῆρας
466 1989 719 2041 ἀποξύσασα
753 1991 921 2046 ἰδυίῃσι
952 1992 1238 2046 πραπίδεσσι,

298 2061 504 2115 φάρμακα
536 2059 660 2103 πόλλ’
698 2059 853 2112 ἕψουσ’
890 2060 959 2103 ε’πὶ
990 2064 1233 2117 χρυσείοισι
1266 2062 1459 2117 λέβησιν.

216 2213 489 2258 Argumentum
515 2223 584 2248 om.
601 2213 645 2256 L,
667 2213 750 2248 add.
767 2214 779 2247 I
798 2213 836 2247 in
857 2213 927 2247 fine
947 2213 1111 2249 fabulae.
1155 2213 1331 2254 ὑπόθεσις
1351 2212 1505 2258 μηδείας
1520 2214 1647 2259 BFa}

120 2264 302 2306 ὑπόθεσις
320 2265 514 2309 εὐριπίδου
531 2265 735 2311 μηδείαςΕ
756 2265 912 2312 μηδείας
930 2266 1135 2307 ὑπόθεσις]
1150 2268 1215 2314 [P]
1242 2267 1335 2302 line
1351 2267 1432 2313 τὴν]
1457 2268 1523 2312 τὴν
1537 2273 1601 2302 τοῦ
1615 2268 1650 2301 Β

119 2324 185 2354 τοῦ
213 2320 272 2365 ΡΙ
295 2318 485 2363 κορίνθων
505 2321 541 2354 Β
564 2324 568 2362 Ι
591 2318 767 2366 βασιλέως
798 2319 1004 2363 κορινθίωυ
1024 2321 1053 2355 S
1181 2326 1203 2354 4
1229 2321 1301 2355 ὑπο
1327 2327 1392 2355 τοῦ
1419 2319 1592 2364 κρέοντος
1614 2321 1652 2355 Ε

120 2372 191 2406 ὑπὸ
218 2371 389 2416 κρέοντος
414 2378 478 2407 τοῦ
499 2373 534 2407 Β
557 2375 561 2418 Ι
584 2379 648 2418 τῆς
679 2385 748 2408 om.
777 2374 805 2409 S
913 2379 932 2408 5
959 2375 1067 2420 πρὸς]
1093 2375 1141 2414 ὡς
1170 2375 1208 2408 F
1235 2386 1304 2408 om.
1328 2375 1366 2408 E
1390 2374 1442 2414 εἰς
1469 2374 1601 2408 Nauck

123 2429 141 2459 7
168 2424 374 2471 χρησαμένη
390 2426 493 2473 Eal]
519 2426 794 2472 διαχρησαμένη
817 2440 836 2462 ’ν
915 2430 935 2461 8
963 2426 1003 2462 δὲ
1024 2439 1093 2462 om.
1112 2428 1166 2462 Fl
1189 2430 1193 2471 Ι
1215 2426 1417 2461 ἀπόλλυται.
1439 2428 1476 2474 α]
1504 2439 1646 2462 συναπ-

121 2476 267 2513 όλλυται
287 2480 299 2513 Ζ
324 2479 486 2513 ἀπώλετο
501 2492 520 2514 ⁷·
599 2484 618 2514 9
640 2481 801 2525 αὐτῆςΒ
825 2481 829 2526 Ι
852 2481 1006 2526 παῖδας]
1028 2480 1157 2520 υἱοὺςῖ
1237 2484 1280 2514 10
1300 2479 1410 2526 παρ’]
1432 2479 1533 2523 παρὰ
1554 2486 1618 2514 τοῦ
1639 2480 1650 2513 l

171 2535 211 2565 11
233 2530 340 2566 κάκεῖ
358 2532 370 2566 Ζ
430 2536 471 2566 12
492 2533 607 2576 φασὶν
627 2544 696 2568 om.
710 2534 745 2567 Β
768 2534 772 2579 Ι
795 2533 817 2578 ἡ
832 2534 983 2577 Μήδεια
1004 2546 1073 2568 om.
1091 2534 1128 2568 F
1146 2538 1150 2578 Ι
1174 2533 1409 2579 ἁνεψήσασα]
1432 2533 1600 2577 ἑψήσασα
1615 2533 1654 2567 F

122 2583 291 2628 ἐψήσασα
311 2585 350 2618 Ε
373 2584 433 2619 hic
460 2587 497 2620 et
522 2585 585 2620 lin.
609 2591 651 2620 19
678 2586 906 2631 ἀφεψήσασα
927 2587 1091 2632 Elmsley
1168 2592 1209 2621 13
1231 2587 1409 2633 ποιήσειε]
1433 2585 1579 2631 ἐποίησε
1595 2588 1622 2621 ,5
1643 2590 1646 2632 Ι

121 2636 162 2671 δὲ
188 2643 253 2671 τοῦ
279 2638 430 2684 πατρὸς]
456 2644 521 2673 τοῦ
546 2643 595 2683 ῖῑῖι
623 2639 663 2674 δὲ
690 2643 724 2685 (σ
748 2643 833 2685 post
859 2655 878 2684 ρ
905 2640 1020 2675 minio
1048 2641 1148 2683 add.)
1170 2641 1209 2674 E
1291 2644 1331 2674 15
1359 2638 1561 2683 φιλόκορον
1582 2641 1616 2674 Β
1642 2641 1645 2685 Ι

124 2690 290 2736 ἡβώοντα
316 2690 500 2737 Lascaris]
526 2692 703 2738 ἡβώωντα
723 2694 791 2728 Ea
816 2693 986 2740 ἡβόωντα
1012 2706 1031 2728 r
1151 2698 1192 2727 16
1220 2693 1434 2735 ἀποξύσασα
1463 2692 1646 2739 Elmsley]

121 2742 322 2785 ἀποξ-ύσασ’
359 2742 445 2777 libri
472 2746 477 2790 Ι
506 2744 643 2790 ἰδυίησι
669 2760 693 2781 (ι
725 2759 808 2782 cum
840 2747 952 2782 schol.
981 2747 1168 2792 Aristoph.
1196 2746 1288 2790 qu.
1313 2747 1418 2791 1318]
1446 2745 1599 2791 εἰδυίησι
1625 2747 1649 2780 (Ι

121 2797 277 2842 εἰδύιησι
300 2797 338 2831 F
365 2797 506 2841 εἰδύησι
528 2799 562 2832 Β
589 2798 739 2844 εἰδείησι
766 2803 858 2845 (sup.
887 2799 958 2834 εἶδ’
989 2812 1056 2835 scr.
1085 2807 1100 2834 ἰ’
1124 2803 1162 2835 et
1187 2812 1264 2844 sup.
1293 2797 1324 2833 εἰ
1351 2810 1416 2833 ser.
1446 2798 1458 2833 ί
1485 2812 1530 2834 m.
1555 2802 1589 2839 1)
1611 2801 1649 2834 E

120 2849 266 2895 ἰδίησιῐ
292 2848 463 2895 (εἰδυὶῃσι
490 2851 535 2885 al.
564 2863 658 2886 man.
686 2853 725 2886 in
751 2856 881 2899 marg.)
963 2858 1003 2887 17
1032 2852 1162 2897 ἕψουσ’
1189 2853 1300 2886 BEa
1323 2855 1327 2897 Ι
1351 2851 1545 2897 χρυσείοισι
1570 2854 1581 2886 I
1609 2856 1646 2887 et

119 2904 234 2938 schol.
262 2903 468 2949 Aristoph]
495 2903 678 2949 χρυσέοισι
700 2906 856 2940 EFaP
879 2906 1046 2952 χρυσέῃσι
1068 2907 1103 2940 Β

1393 2965 1436 2998 1*
