1929 3208
808 166 972 199 EKABH
1595 162 1648 203 51

305 274 331 328 ἢ
364 274 581 328 συγγενὴς
612 275 695 327 ὥν,
728 273 754 328 ἢ
786 269 870 314 τίν’
899 273 1044 314 αἰτίαν
1077 274 1208 326 ἕχων;

305 345 331 399 ἢ
365 351 443 398 σῆς
474 347 657 400 ἔμελλον
689 351 767 399 γῆς
798 351 944 399 τεμεῖν
977 345 1256 397 βλαστήματα

305 417 571 466 πλεύσαντες
603 412 754 467 αὖθις;
787 418 884 457 τίνα
918 415 1060 464 δοκεῖς
1092 416 1259 455 πείσειν
1291 413 1414 461 τάδε;
1564 423 1652 453 1205

306 486 328 529 ὁ
363 489 545 542 χρυσός,
579 488 620 529 εἰ
649 487 830 541 βούλοιο
863 485 1033 540 τάληθῆ
1067 486 1230 538 λέγειν,

306 559 466 600 ἔκτεινε
499 559 576 600 τὸν
609 558 715 613 ἐμὸν
747 558 882 599 παῖδα
914 555 985 598 καὶ
1018 556 1150 609 κέρδη
1184 557 1233 597 τὰ
1267 556 1332 597 σά.

307 628 397 670 ἐπεὶ
432 629 613 680 δίδαξον
644 635 793 670 τοῦτο·
825 635 936 681 πῶς,
969 626 1033 668 ὅτ’
1063 627 1239 681 ηὐτύχει

310 702 466 753 Τροιά,
497 700 619 754 πέριξ
653 698 702 741 δὲ
733 700 900 753 πύργος
932 695 1012 752 εἶχ’
1044 699 1105 739 ἔτι
1137 699 1291 739 πτόλιν

307 773 376 824 ε”ζη
410 787 453 812 τε
487 773 687 825 Πρίαμος
707 769 916 824 ρΈκτορός
946 767 984 810 τ’
1014 770 1143 823 ἤνθει
1177 769 1309 823 δόρυ,
1566 781 1654 817 1210

307 843 352 882 τί
381 840 419 895 δῖ
451 841 505 883 οὐ
537 839 644 894 τότ’,
678 845 798 894 εἴπερ
830 838 933 896 τῷδ’
966 840 1214 894 ἐβουλήθης
1246 840 1374 894 χάριν

305 911 494 966 θέσθαι,
525 911 700 967 τρέφων
731 912 809 953 τὸν
841 912 975 953 παῖδα
1008 911 1090 952 κάν
1123 912 1277 965 δόμοις
1310 913 1420 965 ἔχων

306 985 497 1033 ἔκτεινας
529 983 555 1038 ἣ
590 981 711 1034 ζῶντ’
744 980 880 1037 ἦλθες
907 981 1117 1037 Ἀργείοις
1148 983 1287 1036 ἄγων;

305 1053 402 1096 ἀλλ’
431 1053 544 1108 ἡνίχ’
577 1055 700 1109 ἡμεῖς
733 1052 873 1096 οὐκέτ’
908 1052 1038 1108 ἐσμὲν
1071 1053 1119 1095 ἐν
1153 1054 1276 1107 φάει,

304 1126 467 1175 καπνὸς
500 1123 542 1166 δ’
571 1123 751 1180 ἐσήμην’
784 1126 894 1166 ἄστυ
927 1125 1315 1181 πυρπολούμενον,
1564 1136 1654 1166 1215

306 1196 433 1247 ξένον
465 1195 670 1246 κατέκτας
702 1197 786 1250 σὴν
818 1194 997 1251 μολόντ’
1030 1194 1099 1251 ἐφ’
1130 1195 1289 1238 ἑστίαν.

305 1269 414 1321 πρὸς
445 1268 593 1310 τοῖσδε
625 1273 709 1309 νῦν
742 1268 957 1317 ἄκουσον,
992 1267 1050 1317 ὡς
1081 1273 1226 1323 φανῇς
1257 1269 1400 1316 κακός.

306 1344 415 1393 χρῆν
447 1336 507 1391 σ’,
540 1342 660 1392 εἴπερ
692 1335 812 1392 ἦσθα
844 1345 936 1388 τοῖς
966 1336 1206 1392 Ἀχαιοῖσιν
1238 1340 1388 1392 φίλος,

305 1410 382 1450 τὸν
415 1410 580 1464 χρυσὸν
612 1409 664 1451 ὃν
696 1410 782 1464 φὴς
815 1409 868 1450 οὐ
902 1410 984 1451 σὸν
1016 1408 1125 1451 ἀλλὰ
1157 1405 1280 1451 τοῦδ’
1311 1411 1426 1464 ἔχειν

309 1482 465 1522 δοῦναι
497 1479 692 1534 φέροντα
722 1479 984 1534 πενομένοις
1015 1496 1060 1522 τε
1095 1478 1165 1521 καὶ
1199 1481 1362 1535 χρόνον
1568 1492 1657 1521 1220

306 1552 449 1592 πολὺν
482 1549 686 1608 πατρῴας
717 1557 796 1606 γῆς
828 1549 1190 1604 ἀπεξενωμένοις·

308 1624 363 1664 σὺ
396 1620 436 1664 δ’
467 1620 572 1664 οὐδὲ
604 1629 690 1664 νῦν
721 1637 789 1663 πω
822 1628 900 1676 σῆς
933 1620 1175 1672 ἀπαλλάξαι
1207 1623 1332 1678 χερὸς

308 1694 490 1749 τολμᾷς,
522 1694 634 1748 ἔχων
667 1691 715 1734 δὲ
747 1699 970 1746 καρτερεῖς
1004 1690 1062 1734 ἔτ’
1095 1692 1142 1734 ἐν
1175 1693 1340 1747 δόμοις.

307 1763 379 1806 καὶ
411 1764 498 1818 μὴν
529 1762 704 1819 τρέφων
736 1762 816 1818 μὲν
848 1764 906 1813 ὥς
939 1774 986 1805 σε
1018 1764 1154 1805 παῖδα
1186 1769 1297 1819 χρῆν
1329 1763 1509 1818 τρέφειν

307 1836 452 1885 σώσας
483 1851 527 1877 τε
559 1836 636 1877 τὸν
669 1834 797 1890 ε’μόν,
830 1831 942 1890 εἶχες
974 1833 1028 1876 ἂν
1060 1836 1195 1877 καλὸν
1227 1834 1369 1885 κλέος·
1567 1845 1655 1876 1225

309 1906 356 1949 ἐν
387 1913 480 1956 τοῖς
511 1913 660 1956 κακοῖς
690 1907 773 1960 γὰρ
806 1904 971 1960 ἁγαθοὶ
1004 1905 1268 1960 σαφέστατοι

308 1980 450 2032 φίλοι·
482 1978 534 2018 τὰ
566 1978 731 2033 χρηστὰ
765 1973 803 2018 δ’
835 1975 937 2019 αὔθ’
971 1975 1113 2019 ἕκαστ’
1147 1979 1233 2032 ἔχει
1267 1979 1436 2031 φίλους.

310 2050 350 2090 εἰ
379 2047 418 2090 δ’
452 2048 675 2099 ἐσπάνιζες
707 2048 962 2104 χρημάτων,
996 2048 1018 2090 ὃ
1052 2046 1091 2089 δ’
1123 2048 1324 2103 ηὐτύχει,

307 2120 537 2175 θησαυρὸς
567 2121 623 2161 ἄν
655 2130 725 2162 σοι
756 2127 859 2169 παῖς
890 2117 1051 2174 ὑπῆρχ’
1083 2119 1218 2174 οὑμὸς
1249 2119 1399 2173 μέγας·

309 2197 392 2233 νῦν
426 2189 465 2232 δ’
499 2187 590 2233 οὔτ’
621 2189 792 2232 ἐκεῖνον
825 2188 954 2243 ἄνδρ’
983 2191 1094 2244 ἔχεις
1126 2196 1272 2247 σαυτῷ
1306 2193 1461 2245 φίλον,
1568 2201 1658 2231 1230

252 2383 342 2413 1203
368 2377 390 2423 ἢ
416 2378 518 2424 prius
545 2389 615 2413 om.
643 2379 688 2422 L,
716 2378 800 2413 add⁴
828 2390 874 2412 m.
903 2378 1062 2422 antiqua
1148 2382 1238 2412 1206
1265 2378 1423 2424 βουλμ*
1451 2378 1485 2412 L
1511 2377 1657 2423 βούλοιο

133 2444 180 2468 m.
209 2435 283 2467 ant.
384 2434 475 2466 1208
503 2431 643 2477 εὐτύχει
669 2431 758 2466 libri
870 2434 959 2465 1209
987 2428 1056 2476 εἶχ’
1086 2430 1152 2477 ἔτι]
1180 2430 1296 2476 εἴχετο
1322 2431 1357 2466 A
1384 2444 1403 2465 ο
1430 2430 1468 2464 in
1495 2430 1541 2475 ἡν
1567 2441 1656 2463 corr.

132 2485 186 2520 ΑΞ
212 2483 284 2530 εἶχε
311 2485 378 2530 τὴν
404 2485 438 2519 L
470 2487 474 2530 Ι
505 2483 634 2520 πτόλιν
661 2485 719 2531 Ε]
751 2484 859 2519 πόλιν
884 2498 904 2520 o·
1003 2489 1091 2519 1211
1120 2485 1204 2519 fort.
1230 2483 1264 2519 τί
1291 2485 1334 2519 οὐ
1367 2486 1371 2528 Ι
1402 2482 1482 2518 τόδ’
1506 2485 1541 2518 A
1567 2482 1654 2518 τῶδ’

133 2538 186 2573 Αξ
283 2542 372 2572 1212
398 2538 464 2573 τὸν
489 2549 559 2573 om.
587 2538 621 2572 L
647 2538 732 2572 add.
759 2537 772 2572 1
870 2542 960 2572 1214
987 2537 1094 2583 ἐσμὲν
1121 2539 1217 2584 ΑΒ]
1244 2534 1334 2582 ἦμεν
1358 2538 1431 2572 ιιΕ
1453 2534 1554 2581 εἶμεν
1581 2537 1657 2571 LG

206 2595 295 2625 1215
321 2591 463 2631 καπνὸς
489 2590 640 2637 Canter]
666 2594 797 2638 καπνῷ
824 2591 911 2626 libri
934 2595 938 2634 Ι
960 2591 1266 2635 πυρπολούμενον
1291 2589 1525 2635 Heimsoeth]
1553 2591 1658 2624 πολε-

133 2643 225 2689 μίων
263 2643 335 2678 ὕπο
370 2643 457 2677 libri
580 2648 669 2678 1217
703 2645 751 2684 ὡς
783 2650 885 2691 φανῇ
912 2646 952 2679 Ε
982 2642 1037 2684 οἷς
1068 2650 1170 2690 φανῇ
1204 2643 1428 2678 Herwerden
1461 2643 1509 2682 ὡς
1540 2641 1658 2688 φαίνῃ

133 2697 240 2733 ΘιΙοὲΙ
357 2700 446 2731 1218
474 2696 659 2742 ἀχαιοῖσι*
686 2710 710 2732 α
741 2698 905 2743 ἀχαιοῖσι
932 2698 1058 2733 BEG
1084 2712 1104 2733 ν
1135 2709 1212 2743 sup.
1242 2709 1276 2731 σι
1303 2708 1368 2731 scr.
1397 2696 1456 2731 Ε1
1568 2699 1658 2729 1220

132 2752 187 2798 τε]
213 2749 293 2785 τότε
320 2752 355 2785 Α
461 2754 550 2784 1221
578 2749 893 2795 ἀπεξε*νωμένοις
919 2751 958 2785 Ε
1064 2754 1154 2785 1222
1181 2761 1260 2783 mo*
1289 2750 1324 2782 A
1424 2751 1513 2782 1224
1539 2749 1658 2782 παῖδα

134 2810 226 2850 χρῆν
253 2803 399 2849 scripsi]
426 2802 533 2838 παῖδ’
558 2803 669 2848 ἐχρῆν
694 2803 781 2838 libri
857 2807 947 2838 1226
973 2809 1051 2843 τοῖς
1076 2803 1220 2846 κακοῖς]
1248 2807 1393 2836 κακοῖσι
1417 2802 1449 2836 G
1472 2803 1476 2845 1
1500 2800 1657 2847 ἁγαθοὶ]

134 2857 169 2892 οἱ
190 2855 322 2903 ’γαθοὶ
350 2857 382 2891 L
409 2856 442 2890 οἱ
469 2856 611 2901 ἀγαθοὶ
638 2868 656 2890 r
690 2858 694 2902 Ι
730 2854 946 2900 σαφέστεροι
972 2857 1006 2890 L
1123 2859 1211 2889 1227
1240 2851 1332 2888 αὖθ’
1357 2852 1481 2888 ἕκαστ’
1503 2854 1656 2889 AaEG

135 2907 340 2946 αὐθέκαστ’
365 2909 442 2944 BL
552 2912 642 2943 1228
669 2909 811 2954 εὐτύχει
836 2909 924 2943 libri
950 2909 1034 2944 fort.
1062 2906 1217 2953 ηὐθένει
1318 2910 1407 2940 1229
1439 2908 1598 2953 ὑπῆρχεν
1626 2908 1657 2942 G

1330 2966 1376 2999 4*
