1929 3208
781 177 1022 210 APPENDIX
1618 178 1674 219 63

263 284 331 316 800
357 282 443 322 τοὺς
467 282 596 328 θεοὺς]
624 280 808 326 δαίμονάς
831 279 875 317 θ’
899 282 1015 327 Weil,
1043 281 1241 324 συνδίκους
1265 283 1306 318 Ε.
1326 283 1527 319 Hoffmann
1556 286 1560 329 Ι
1590 287 1674 329 post

143 338 211 370 800
237 346 382 370 versum
408 335 641 370 intercidisse
669 335 758 370 olim
784 335 1046 381 suspicabatur
1069 336 1201 371 Nauck
1299 340 1368 371 800
1383 349 1436 381 sq.
1464 336 1576 383 νόμος
1601 338 1671 383 γάρ

141 402 196 429 τις
225 391 328 424 θεῶν
359 388 579 433 ἡγούμενος,
610 389 674 423 καὶ
708 391 815 430 ζῶσιν
847 388 1218 434 ἄδικα..ὡρισμε’νοι
1245 390 1516 435 Wyttenbach,
1556 390 1671 435 νόμον

142 441 211 487 γὰρ
233 470 240 476 .
264 471 270 477 .
291 442 502 487 ἡγούμεθα,
530 441 666 488 σῴζειν,
693 441 737 476 τά
763 440 796 476 τ’
821 442 934 477 ἄδικα
960 444 1021 477 καὶ
1049 442 1166 478 δίκαι’
1191 442 1415 488 ὡρισμένους
1439 444 1600 479 Holzner

141 498 207 530 801
237 495 363 541 ἄρχειν
396 494 432 535 ἐς
465 495 578 530 ἄδικα
610 495 672 530 καὶ
705 493 825 530 δίκαι’
850 494 1037 543 ὡρισμένῳ
1063 496 1106 531 H.
1129 496 1254 531 Hirzel
1376 501 1444 532 803
1472 499 1668 543 δώσουσιν]

140 548 222 583 fort.
250 547 413 584 τίσουσιν
510 552 578 583 803
594 560 646 593 sq.
675 548 776 583 delet
801 549 933 583 Nauck
1025 554 1093 584 805
1120 551 1356 594 ἀνθρώποισι
1383 558 1456 586 σῶν
1480 551 1623 596 Kayser

140 604 208 636 806
234 600 425 642 αἰδεσθείς
449 601 481 636 τ’
507 601 567 646 ἐμὲ
594 601 791 636 Kirchhoff
908 606 974 637 807
1002 602 1161 647 οἴκτειρέ
1184 602 1227 638 θ’
1251 604 1348 649 ἡμᾶς
1373 605 1422 644 ὡς
1446 605 1606 649 τροφεύς
1632 603 1664 638 τ’

139 655 354 696 ἐπισταθεὶς
380 655 468 690 olim
495 655 684 691 scribebat
711 655 767 691 vel
794 666 940 690 versum
961 656 1123 700 delebat,
1151 656 1189 690 in
1209 668 1317 691 versu
1336 657 1505 702 proximo
1526 658 1608 692 ἰδού
1630 671 1666 693 τε

139 708 314 752 scribens,
342 708 596 753 Wyttenbach

257 772 326 803 810
351 767 454 815 ποτ’]
480 766 556 803 τότ’
586 767 625 802 Ε.
647 767 848 802 Hoffmann
871 771 875 813 Ι
898 767 982 803 ποτ’
1005 764 1070 813 ἦν,
1101 769 1146 803 τὰ
1173 775 1242 804 νῦν
1274 768 1315 804 δὲ
1346 776 1460 815 γραῦς
1484 770 1542 805 vel
1568 769 1666 814 ποτ’,

138 821 228 856 ἀλλὰ
261 827 329 857 νῦν
362 834 402 867 γε
434 827 548 866 γραῦς
573 821 734 866 Blaydes
856 824 924 855 812
951 828 1019 856 ποῖ
1048 822 1256 867 μετεξάγεις
1284 823 1500 868 Musgrave,
1532 830 1599 858 ποῖ
1623 824 1666 858 σύ

137 875 333 920 μοῦξάγεις
368 875 529 920 Blaydes
651 878 719 909 816
755 873 888 921 μόνην]
927 874 1012 910 fort.
1051 881 1200 920 φρενῶν
1321 880 1390 911 818
1422 875 1471 912 ἵν’
1503 871 1525 923 ᾖ
1557 876 1596 911 τό
1629 889 1665 911 τε

138 928 297 973 Blaydes

254 990 441 1022 820-823
463 998 507 1022 ex
527 986 604 1022 alia
623 986 754 1022 fabula
774 986 900 1022 illatos
921 989 1032 1033 putat
1050 988 1286 1033 Herwerden,
1312 991 1398 1035 post
1417 994 1485 1024 805
1507 989 1667 1025 collocat

135 1042 310 1087 Holzner,
343 1046 530 1077 820-835
558 1041 658 1076 delet
683 1041 750 1076 Th.
776 1041 918 1087 Miller,
952 1045 1138 1076 824-832
1166 1042 1254 1084 eicit
1278 1042 1500 1078 Holthoefer
1596 1047 1662 1077 821

134 1096 171 1131 οἳ
209 1095 276 1141 μὲν
313 1095 383 1142 γὰρ
421 1093 517 1141 ἦσαν
548 1095 682 1130 Nauck
716 1096 721 1141 Ι
757 1095 793 1130 οἱ
830 1094 897 1140 μὲν
933 1100 1103 1130 τοσοῦτοι
1135 1097 1268 1136 παῖδες
1300 1095 1383 1131 οὐδ’
1414 1094 1466 1137 εἷς
1498 1096 1569 1131 ἔστι
1602 1109 1664 1141 μοι

134 1149 274 1195 Burges
395 1153 462 1184 822
495 1147 554 1184 ἐπ’
584 1148 735 1195 ἐχθροῖς
772 1159 842 1184 rec.
965 1151 1032 1182 822
1049 1160 1100 1193 sq.
1141 1148 1235 1192 αὐτή
1271 1162 1310 1184 τε
1351 1151 1416 1184 aut
1448 1149 1595 1185 καπνόν
1626 1163 1663 1185 τε

133 1202 294 1248 Lenting
390 1206 459 1237 824
484 1201 567 1249 μὲν]
595 1215 635 1248 γε
660 1202 800 1237 Porson
829 1204 833 1247 Ι
866 1202 990 1248 κενὸν]
1018 1201 1125 1244 ξένον
1150 1202 1285 1237 Nauck
1383 1207 1450 1237 827
1477 1204 1500 1248 ἡ
1527 1204 1664 1250 φοιβὰς

132 1255 180 1300 ἢν
205 1259 368 1300 καλοῦσι,
394 1255 601 1300 Κασάνδρα
622 1258 676 1301 (ut
702 1257 758 1290 est
780 1255 819 1290 in
838 1257 923 1301 rec.)
944 1256 1134 1290 Hermann
1157 1258 1161 1300 Ι
1184 1267 1329 1291 versum
1350 1256 1451 1292 delet
1469 1257 1511 1292 R.
1535 1257 1664 1302 Haupt

203 1313 272 1344 828
296 1316 371 1345 ποῦ
403 1310 450 1355 δὴ
482 1308 593 1354 φίλας
622 1309 688 1350 τὰς
719 1309 790 1355 (vel
816 1308 938 1354 τάσδ’)
966 1307 1155 1354 εὐφρόνας
1181 1308 1306 1353 Glo'el,
1337 1315 1410 1345 ποῦ
1436 1316 1515 1351 τοῖς
1540 1309 1663 1355 φίλοις

131 1361 214 1409 δῆτ’
244 1361 285 1399 εὖ
318 1370 469 1409 φρονῶν
495 1362 773 1408 Sakorraphos,
811 1368 883 1398 ποῦ
918 1363 973 1397 σοὶ
1007 1361 1119 1407 φίλας
1141 1394 1146 1398 .
1171 1363 1336 1405 ,τεύξεις
1365 1363 1527 1398 Holzner
1560 1366 1564 1409 Ι
1599 1363 1665 1404 τὰς

132 1415 258 1464 φίλας]
283 1419 500 1462 προσφιλεῖς
524 1416 642 1461 weil,
672 1430 735 1461 μοι
760 1414 872 1461 φίλας
895 1416 1139 1459 Herwerden,
1166 1427 1223 1450 σοι
1250 1415 1361 1461 φίλας
1385 1416 1626 1452 Halbertsma
1654 1418 1658 1464 Ι
1693 1464 1704 1468 ό

131 1468 278 1517 δείξεις]
315 1470 446 1514 θήσεις
483 1469 573 1505 olim
608 1469 835 1504 Herwerden
873 1469 1037 1515 (mallem
1074 1468 1211 1515 θήσῃ),
1249 1468 1379 1511 τείσεις
1416 1470 1591 1516 England

131 1527 199 1558 828
215 1535 267 1569 sq.
306 1529 380 1558 ποῦ
411 1529 484 1558 τῶν
516 1523 556 1558 ἐν
587 1523 675 1568 εὐνῇ
708 1521 893 1567 φιλτάτων
925 1521 1175 1567 ἀσπασμάτων
1207 1522 1355 1568 (ceteris
1388 1523 1536 1569 deletis)
1569 1523 1658 1558 Her-

131 1577 278 1612 werden
377 1580 445 1612 829
472 1576 574 1612 delet
597 1576 716 1611 Bothe

213 1635 216 1637 Α
250 1639 319 1671 830
351 1636 419 1682 ἐμὴ
458 1642 565 1683 κοινῇ
603 1634 644 1682 γέ
682 1647 738 1671 σοι
772 1636 914 1681 Burges
1037 1638 1104 1670 831
1139 1634 1292 1676 σκότους
1328 1649 1365 1670 τε
1403 1635 1588 1679 νυκτέρων
1622 1635 1655 1671 τ’

131 1689 381 1735 ἀσπασμάτων
406 1701 477 1726 rec,
510 1692 515 1734 Ι
543 1690 706 1736 βροτοῖς]
731 1689 834 1733 παρὰ
859 1688 978 1724 Bothe
1076 1692 1143 1723 831
1160 1700 1212 1733 sq.
1240 1691 1326 1724 ante
1353 1693 1421 1723 826
1447 1689 1660 1734 transponit

130 1744 171 1780 R.
192 1744 323 1789 Haupt
419 1748 486 1779 832
513 1744 674 1790 βροτοῖς]
700 1742 849 1783 πάντως
874 1742 1022 1777 Brunck
1121 1746 1190 1776 834
1216 1741 1322 1789 ὄντα]
1349 1742 1472 1787 ἄνδρα
1501 1742 1610 1777 Earlc

129 1801 196 1832 835
224 1797 388 1844 δράσεις]
413 1797 556 1842 θάψεις
580 1797 742 1842 Blaydes
765 1798 770 1841 Ι
793 1798 952 1841 (versum
978 1795 1079 1830 delet
1102 1796 1145 1830 R.
1165 1795 1306 1841 Haupt)

247 1855 315 1886 843
342 1853 555 1896 suspectum
579 1851 695 1886 habet
719 1850 853 1885 Nauck
927 1853 995 1884 844
1022 1847 1112 1893 παρ’
1137 1849 1275 1893 ἀνδρὸς
1299 1850 1344 1885 Is.
1366 1849 1457 1885 Voss
1484 1849 1657 1895 (voluisse

128 1903 277 1939 videtur
307 1904 400 1948 πρὸς
430 1904 583 1950 ἀνδρὸς)
704 1908 772 1939 847
797 1903 864 1944 τὰς
894 1902 1063 1948 ἀνάγκας
1092 1903 1179 1938 θεοὶ
1211 1901 1319 1948 μόνοι
1351 1903 1537 1948 Badhan,
1575 1909 1657 1944 ταῖς

127 1957 310 2004 ἀνάγκαις
345 1959 432 1998 τοὺς
469 1956 605 2003 νόμους
635 1958 808 2003 Hartung
841 1959 846 2002 Ι
879 1962 944 2002 τῆς
975 1956 1142 2002 ἀνάγκης
1173 1956 1210 1991 C.
1236 1957 1382 1992 Busche
1418 1959 1421 2002 Ι
1457 1956 1492 1992 οἱ
1528 1955 1655 2002 χρόνοι

127 2011 340 2058 Musgrave,
374 2012 417 2046 οὐ
449 2010 550 2059 νόμῳ
580 2011 786 2055 Hermann,
820 2011 863 2045 οὐ
895 2009 1024 2054 νόμοις
1048 2009 1165 2054 Weil,
1198 2009 1234 2044 οἱ
1265 2009 1398 2055 πότμοι
1423 2010 1585 2045 Holzner

126 2067 195 2098 848
221 2065 307 2105 τούς
330 2077 368 2099 τε
393 2064 558 2109 Elmsley
655 2067 723 2099 849
751 2064 911 2109 ἐχθροὺς
936 2062 977 2098 δὲ
1002 2062 1164 2108 Lenting

246 2121 314 2152 853
340 2119 456 2153 τῶνδε
489 2117 638 2152 Brunck
671 2120 676 2162 Ι
711 2118 860 2163 δοῦναι]
892 2116 976 2151 fort.
1008 2122 1107 2151 τῖσαι
1229 2121 1296 2152 854
1323 2115 1459 2162 φανείη
1484 2115 1518 2151 τ’
1548 2119 1585 2151 et
1611 2128 1655 2151 ex

126 2182 196 2206 rec.
231 2172 288 2206 σοὶ
320 2173 440 2211 καλῶς
473 2170 568 2217 ἔχειν
593 2171 783 2216 Hartung,
816 2168 978 2215 φανείην
1005 2168 1088 2205 ὅσιά
1115 2181 1172 2204 σοι
1197 2168 1322 2215 νέμειν
1348 2172 1467 2211 καλῶς
1492 2170 1619 2205 Naber
1647 2171 1650 2217 Ι

126 2223 263 2269 φανείη
290 2223 345 2271 γ’]
372 2222 564 2270 ἐφεύροιμ’
587 2223 747 2259 Holzner
845 2227 914 2258 854
929 2235 981 2268 sq.
1008 2222 1054 2267 ἥν
1080 2236 1158 2264 πως
1182 2222 1334 2269 γένηταί
1357 2222 1391 2269 γ’
1423 2223 1493 2269 (vel
1520 2223 1558 2259 εἴ
1577 2237 1654 2264 πως

124 2276 260 2322 γένοιτ’
285 2276 346 2323 ἂν)
374 2277 463 2312 ὥστε
489 2275 522 2312 σ’
553 2308 573 2312 -
586 2296 611 2312 υ
624 2309 645 2312 -
670 2280 810 2318 καλῶς.
828 2306 834 2312 .
850 2277 898 2322 μὴ
919 2276 1027 2319 δόξαι
1041 2275 1102 2321 ’μέ
1121 2277 1193 2322 (vel
1212 2279 1259 2322 τι)
1279 2277 1442 2322 Blaydes
1465 2278 1469 2323 Ι
1492 2276 1654 2323 φανείην

124 2330 242 2378 λῷστά
275 2342 332 2366 σοι
363 2333 476 2366 τελῶν
507 2333 643 2375 καλῶς,
675 2334 816 2378 στρατῷ
841 2329 882 2366 δὲ
909 2331 948 2366 F.
970 2330 1038 2365 Gu.
1060 2330 1229 2365 Schmidt
1349 2335 1417 2366 856
1443 2332 1537 2378 τῷδε
1562 2331 1652 2365 Her-

124 2395 238 2418 mann
333 2387 401 2419 859
417 2396 469 2429 sq.
497 2384 530 2419 εἰ
555 2383 596 2419 δὲ
623 2385 680 2419 σοὶ
706 2383 814 2429 φίλος
839 2384 906 2419 οὔκ
933 2384 1007 2419 ἐστι
1033 2384 1079 2419 Is.
1105 2383 1196 2418 Voss
1299 2374 1308 2384 ⁸

243 2441 312 2472 874
338 2435 435 2483 εἶργε
462 2438 510 2482 μὴ
536 2438 682 2474 ἀδικεῖν
708 2436 747 2483 μ’
770 2437 862 2483 ἐμὴν
887 2437 998 2484 χάριν
1022 2438 1062 2473 F.
1084 2437 1152 2472 Gn.
1173 2436 1343 2472 Schmidt
1446 2441 1513 2472 875
1539 2437 1585 2472 τὰ
1611 2436 1646 2471 δ’

124 2489 233 2534 ἄλλα,
257 2490 412 2535 θάρσει,
438 2490 551 2526 πάντ’
573 2491 710 2526 Reiske
745 2493 750 2536 Ι
783 2489 870 2536 τᾶμ’
894 2491 963 2536 ἐγὼ
989 2491 1122 2525 Nauck
1231 2494 1299 2525 877
1326 2490 1518 2537 βάρβαρον
1545 2497 1650 2535 φῶτα

124 2549 280 2588 κτενεῖς;
305 2544 424 2579 Bothe
521 2547 588 2579 879
616 2544 716 2579 delet
742 2543 829 2580 Ocri

242 2600 310 2631 882
337 2596 433 2641 ἐμῶν
459 2597 503 2632 Ie.
527 2597 615 2632 Voss
704 2601 773 2633 884
800 2596 926 2633 δεινόν
951 2612 986 2633 τι
1011 2597 1083 2643 (vel
1108 2599 1160 2643 τε)
1185 2597 1346 2642 Blaydes
1432 2601 1501 2632 885
1527 2597 1648 2643 γένος]

123 2648 258 2690 σθένος
283 2649 388 2685 Iemn'
484 2654 552 2685 888
579 2650 694 2691 ἄλλως
718 2651 776 2686 vel
802 2650 881 2686 ἴσθ’
906 2652 954 2692 ὡς
979 2650 1146 2697 γενέσθω
1171 2651 1346 2696 England

205 2726 207 2729 .
242 2706 309 2737 891
338 2703 482 2738 ἄνασσά
507 2702 543 2748 γ’
565 2703 589 2749 ἤ
614 2704 699 2739 ποτ’
720 2704 906 2740 Matthiae
980 2709 1047 2740 893
1075 2706 1134 2740 δεῖ
1151 2706 1215 2739 καὶ
1235 2703 1366 2749 λόγους
1383 2702 1483 2739 τέκν’
1508 2702 1648 2739 εἰδέναι

123 2756 242 2791 Bothe
265 2758 269 2800 Ι
291 2757 355 2790 καὶ
379 2754 500 2803 τέκν’]
525 2756 669 2797 πάντας
694 2759 746 2801 (et
771 2761 839 2792 894
866 2756 1024 2803 ἐκείνου)
1050 2758 1193 2803 Kayser
1266 2761 1334 2792 898
1361 2756 1491 2797 οὕτως’
1520 2758 1552 2792 εἰ
1577 2757 1647 2803 γὰρ

122 2809 210 2854 ἡμὶν
234 2806 281 2854 ἦν
308 2812 448 2856 στρατῷ
472 2809 511 2845 F.
533 2808 600 2844 Gn.
622 2809 792 2845 Schmidt
813 2813 818 2855 Ι
841 2812 998 2858 στρατῷ]
1024 2811 1136 2851 καλὸς
1161 2811 1320 2854 Blaydes

241 2867 308 2898 901
336 2861 480 2907 ὁρῶντά
501 2861 537 2908 μ’
557 2861 694 2909 ἥσυχον
712 2863 913 2908 Hermann,
940 2864 1105 2908 ὁρῶντας
1124 2865 1176 2905 εἰς
1195 2862 1309 2898 καλόν
1330 2863 1368 2898 F.
1384 2863 1451 2898 Gu.
1468 2863 1647 2906 Schmidt,

120 2919 338 2958 ποθοῦντας
368 2916 506 2963 ἥσυχον
532 2915 570 2952 C.
590 2916 754 2961 Busche,
793 2916 958 2961 ὁρῶντας
988 2917 1117 2961 οὔριον
1148 2916 1327 2962 Blaydes,
1364 2917 1449 2952 fort.
1483 2916 1648 2961 ὁρῶντας
