1929 3208
244 135 295 174 44
895 134 1161 165 mvnumol·

458 241 618 288 ἵππους
651 241 854 293 ἄγεσθαι,
889 247 997 280 τοῖσι
1034 240 1075 280 δ’
1110 236 1164 281 αὖ
1200 242 1249 281 τὰ
1282 243 1456 293 μείζονα
1725 254 1811 285 1030

460 319 624 357 νικῶσι,
658 313 835 364 πυγμὴν
868 311 939 351 καὶ
972 311 1129 364 πάλην,
1162 314 1428 366 βουφόρβια·

458 384 569 435 γυνὴ
604 382 643 423 δ“
678 381 744 422 ἐπ’
778 382 927 431 αὐτοῖς
961 382 1114 423 εἵπετ’·
1145 381 1373 436 ἐντυχόντι
1407 384 1455 425 δὲ

460 454 644 507 αἰσχρὸν
677 459 881 506 παρεῖναι
915 453 1069 506 κέρδος
1101 451 1155 507 ἦν
1188 454 1279 495 τόδ’
1313 454 1494 504 εὐκλεές.

456 524 565 575 ἀλλ’,
599 525 744 577 ὥσπερ
778 520 918 577 εἷπον,
952 525 1019 565 σοὶ
1050 524 1198 577 μέλειν
1231 531 1419 577 γυναῖκα
1452 528 1549 579 χρή·

456 596 507 636 οὐ
543 597 625 648 γὰρ
658 596 888 648 κλοπαίαν,
922 595 1030 636 ἀλλὰ
1063 597 1147 637 σὺν
1180 597 1301 651 πόνῳ
1336 596 1483 648 λαβὼν
1723 608 1810 638 1035

459 668 559 720 ήκω·
595 669 739 722 χρόνῳ
773 667 820 708 δὲ
854 667 925 708 καὶ
958 667 1012 708 σύ
1045 667 1089 719 μ’
1122 666 1310 716 αἰνέσεις
1343 667 1457 716 ἰ’σως.

299 743 390 779 ,4.71.
455 740 573 779 οὗτοι
611 738 649 779 σ’
683 740 838 788 ἀτίζων
871 737 969 779 οὐδ’
1001 737 1049 779 ἐν
1082 737 1313 792 ἐχθροῖσιν
1347 739 1486 787 τιθεὶς

455 808 610 862 ἔκρυψ’
643 808 746 864 ἐμῆς
780 810 988 861 γυναικὸς
1021 809 1209 859 ἀθλίους
1241 810 1386 864 τύχας·

455 880 550 921 ἀλλ’
583 881 716 933 ἄλγος
748 881 869 933 ἄλγει
904 880 1021 921 τοῦτ’
1053 879 1109 921 ἂν
1141 878 1195 933 ἦν
1228 882 1562 934 προσκείμενον,

454 951 494 992 εἶ’
524 967 602 992 του
636 952 746 1004 πρὸς
777 952 914 992 ἄλλου
948 951 1120 1003 δώμαθ“
1154 947 1365 1005 ὡρμήθης
1398 951 1542 1001 ξένου·
1722 962 1810 993 1040

454 1023 549 1071 ἅλις
582 1022 631 1064 δὲ
663 1024 831 1064 κλαίειν
863 1022 1029 1075 τούμὸν
1060 1020 1116 1076 ἦν
1150 1021 1244 1075 ἐμοὶ
1278 1025 1423 1064 κακόν.

456 1100 644 1147 γυναῖκα
677 1093 731 1147 δ’,
765 1093 805 1135 εἴ
834 1108 924 1143 πως
957 1091 1092 1147 ἔστιν,
1125 1095 1333 1146 αἰτοῦμαί
1363 1094 1418 1146 σ’,
1452 1093 1579 1146 ἄναξ,

455 1166 591 1206 ἄλλον
623 1165 706 1205 τιν’
740 1162 859 1214 ὅστις
891 1166 947 1219 μὴ
980 1164 1209 1207 πέπονθεν
1242 1159 1298 1206 οἷ’
1331 1164 1415 1218 ἐγὼ

454 1237 607 1292 σῴζειν
641 1237 812 1290 ἄνωχθι
847 1239 1100 1289 Θεσσαλῶν,
1132 1236 1288 1278 πολλοὶ
1321 1235 1373 1277 δέ
1402 1247 1472 1277 σοι

454 1307 570 1357 ξένοι
608 1309 823 1360 Φεραίων,
855 1308 911 1360 μὴ
947 1307 1026 1359 ’μέ
1061 1309 1316 1360 μιμνήσκεις
1341 1313 1499 1348 κακῶν.
1719 1317 1809 1348 1045

454 1378 534 1420 οὐκ
568 1378 622 1419 ἂν
655 1378 876 1432 δυναίμην
909 1377 1033 1432 τήνδ’
1066 1378 1184 1432 ὁρῶν
1217 1377 1265 1419 ἐν
1298 1378 1496 1431 δώμασιν

454 1450 648 1503 ἄδακρυς
680 1445 810 1491 εἶναι·
843 1451 900 1503 μὴ
934 1450 1148 1491 νοσοῦντί
1176 1465 1250 1501 μοι
1282 1450 1418 1491 νόσον

454 1525 673 1575 προσθῇς·
709 1520 804 1570 ἅλις
837 1521 920 1574 γὰρ
954 1525 1163 1577 συμφορᾷ
1195 1521 1455 1574 βαρύνομαι.

454 1598 540 1634 ποῦ
572 1591 645 1633 καὶ
677 1591 872 1645 τρέφοιτ’
905 1590 960 1632 ἂν
993 1591 1205 1645 δωμάτων
1238 1592 1315 1634 νέα
1347 1595 1479 1646 γυνή;

453 1663 531 1706 νέα
562 1663 666 1717 γάρ,
699 1663 757 1712 ὡς
789 1662 946 1716 ἐσθῆτι
977 1663 1050 1704 καὶ
1081 1664 1228 1718 κόσμῳ
1261 1662 1427 1716 πρέπει.
1719 1673 1808 1704 1050

453 1736 616 1788 πότερα
647 1734 739 1786 μετ’
772 1733 951 1787 ἀνδρῶν
984 1733 1079 1788 δῆτ’
1111 1733 1330 1788 ἐνοικήσει
1363 1733 1540 1788 στέγην;

453 1806 524 1847 καὶ
556 1812 646 1855 πῶς
680 1805 926 1859 ἀκραιφνὴς
958 1804 1006 1846 ἐν
1039 1804 1156 1854 νέοις
1188 1804 1487 1859 στρωφωμένη

453 1875 592 1928 ἕσταις
624 1877 702 1918 τὸν
734 1876 922 1930 ἡβῶνθ”,
950 1874 1200 1930 “Ηροίκλεις,
1234 1876 1285 1917 οὐ
1320 1874 1476 1932 ῥᾴδιον

452 1948 633 2002 εἴργειν·
667 1946 751 2001 ἐγὼ
785 1947 833 1989 δὲ
866 1953 947 1989 σοῦ
979 1949 1236 2002 προμηθίαν
1269 1945 1362 2001 ἔχω.

453 2020 478 2073 ἢ
511 2025 586 2073 τῆς
618 2019 848 2073 θανούσης
879 2019 1084 2072 θάλαμον
1117 2017 1307 2073 ἐμβήσας
1339 2019 1503 2072 τρέφε-ιη
1718 2028 1806 2060 1055

452 2091 524 2132 καὶ
556 2097 647 2140 πῶς
679 2089 884 2144 ἐπεσφρῶ
917 2091 1048 2144 τήνδε
1082 2097 1140 2145 τῷ
1173 2091 1321 2143 κείνης
1354 2088 1484 2143 λέχει;

453 2163 614 2216 διπλῆν
647 2163 872 2215 φοβοῦμαι
903 2160 1081 2214 μέμψιν,
1114 2159 1160 2202 ἔκ
1193 2175 1238 2202 τε
1264 2161 1481 2214 δημοτῶν,

452 2235 509 2286 μή
542 2233 607 2282 τίς
638 2232 681 2285 μ’
715 2231 865 2290 ἐλέγξῃ
898 2233 978 2286 τὴν
1010 2231 1117 2286 ἐμὴν
1150 2230 1374 2286 εὐεργέτιν

300 2376 390 2407 1030
430 2372 477 2407 αἶ·
517 2373 560 2407 τὰ
599 2374 644 2418 ὅ]
685 2374 780 2407 αὐτὰ
819 2386 836 2408 ν
984 2376 1074 2407 1034
1113 2371 1252 2416 μέλλειν
1280 2373 1315 2406 Β
1465 2375 1552 2405 1036
1586 2372 1637 2417 μ’]
1677 2372 1709 2416 γ’
1735 2372 1762 2406 S

300 2424 388 2455 1037
419 2421 586 2461 ἀτίζων-ε’
626 2417 707 2465 (sie)
744 2421 823 2454 eod.
852 2420 1074 2455 Harleianus
1102 2420 1210 2465 5743]
1247 2418 1431 2463 ἀτιμάζων
1457 2431 1475 2454 r
1510 2421 1514 2462 Ι
1549 2418 1741 2464 ἐχθροῖσιν
1767 2419 1805 2465 ιι]

238 2468 409 2513 ἐχθροῖσι
435 2469 470 2502 Β
509 2468 717 2512 αἰσχροῖσιν
744 2469 771 2502 S
797 2469 844 2512 (L
871 2468 1057 2513 αἰσχροῖσι
1083 2468 1130 2511 Ρ)
1254 2469 1344 2500 1038
1372 2465 1528 2507 ἀθλίους
1556 2467 1593 2511 ιι]
1625 2464 1762 2501 ἀθλίου
1788 2478 1808 2500 r

289 2519 378 2549 1039
405 2514 649 2558 προκείμενον
676 2516 756 2550 BP
878 2519 967 2550 1040
994 2515 1027 2549 εἰ
1051 2520 1116 2549 τοῦ
1143 2515 1178 2549 Β
1217 2515 1318 2557 εἴπερ
1345 2514 1372 2547 S
1493 2518 1582 2548 1042
1616 2514 1805 2559 αἰτοῦμαι]

240 2564 320 2597 fort.
362 2562 538 2607 ἄντομαι,
578 2563 642 2596 cfr.
671 2565 761 2597 1098
885 2566 975 2597 1045
1014 2561 1062 2606 μὴ
1100 2561 1170 2606 ’μέ’
1212 2559 1425 2606 μιμνήσκεις
1451 2560 1664 2607 Kircbhoff]
1690 2558 1737 2605 μή
1764 2574 1805 2604 με

237 2622 449 2666 μιμνήσκεις
476 2625 502 2656 Β
541 2619 588 2665 μή
616 2635 658 2665 με
685 2611 889 2666 μ’ἷ*μνήσης
915 2633 938 2656 α
975 2621 1025 2666 μή
1050 2621 1085 2666 μ’
1112 2620 1327 2665 ἀναμνήσῃς
1353 2620 1380 2655 S
1459 2623 1548 2655 1048
1575 2620 1755 2663 προσθεὶς
1781 2620 1809 2654 S

237 2680 327 2703 corr.
356 2670 368 2703 l
391 2672 393 2713 ᾖ
419 2674 628 2714 συμφοραῖς
653 2683 673 2703 a
752 2672 840 2703 1051
869 2669 944 2714 μετ’
971 2668 1176 2714 Hermann]
1205 2669 1284 2702 κατ’
1314 2667 1401 2702 libri
1425 2670 1429 2712 Ι
1453 2667 1500 2711 δή
1526 2668 1594 2702 τιν’
1616 2666 1758 2711 οἰκήσει
1782 2678 1806 2701 a

288 2744 376 2775 1052
406 2724 653 2785 στρῶφῶμένη
680 2741 716 2775 Β
742 2742 772 2783 (ε
800 2742 836 2774 et
862 2752 880 2774 ο
908 2750 1087 2784 superscr.
1116 2739 1182 2783 13¹)
1265 2742 1369 2786 ,1054
1394 2738 1529 2783 εἴργειν
1554 2737 1675 2772 versui
1702 2739 1804 2771 ante-

237 2787 385 2822 cedenti
412 2788 495 2822 add.
524 2788 561 2822 B
601 2790 605 2832 Ι
647 2786 688 2822 δέ
714 2798 780 2823 σου
806 2787 893 2821 libri
1017 2790 1107 2821 1055
1135 2784 1157 2830 ἢ
1182 2786 1218 2821 Β
1258 2787 1278 2829 ἠ
1305 2786 1357 2821 B¹
1397 2788 1402 2829 Ι
1441 2784 1614 2829 θάλαμον
1642 2783 1804 2829 ἔμβησας

241 2835 275 2867 F.
299 2834 394 2870 Guil.
419 2834 603 2881 Schmidt]
630 2833 804 2880 θάλαμον
830 2833 1002 2880 εἰσβήσας
1027 2846 1050 2868 α
1088 2833 1140 2874 εἰς
1160 2832 1333 2878 θάλαμον
1354 2833 1469 2878 βήσας
1493 2844 1523 2875 ν,
1553 2832 1617 2867 cfr.
1638 2831 1712 2866 Ion.
1737 2834 1802 2865 732

287 2885 377 2917 1058
405 2881 529 2927 ἐλέγχῃ
557 2883 603 2925 Β,
631 2882 695 2917 cfr.
723 2882 818 2916 Med.
842 2886 909 2916 215
