1929 3208
787 161 954 194 EAENII
1324 184 1346 192 -
1581 160 1633 199 15

289 268 434 309 ἔπειτα
466 268 677 322 πατρίδος
707 268 813 310 θεοί
839 265 882 322 μ’
921 266 1224 322 ἀφιδρύσαντο
1256 273 1335 321 γῆς

285 337 329 388 ἐς
360 334 546 392 βάρβαρ’
582 339 688 392 ἤθη,
720 336 792 379 καὶ
824 339 969 392 φίλων
1001 337 1225 393 τητωμένη

287 409 424 462 δούλη
457 405 690 463 καθέστηκ’
727 404 823 451 οὗσ’
862 407 1112 462 ἐλευθέρων
1144 409 1245 451 ἄπο·
1566 420 1632 450 275

285 480 337 521 τὰ
369 479 606 533 βαρβάρων
638 479 722 533 γὰρ
755 479 894 520 δοῦλα
925 479 1066 520 πάντα
1098 480 1212 533 πλὴν
1245 478 1354 529 ἑνός.

284 551 453 605 ἄγκυρα
486 548 526 591 δ’
563 550 589 602 ἥ
622 565 707 603 μου
739 550 814 598 τὰς
846 549 978 603 τύχας
1009 550 1111 604 ὤχει
1143 551 1270 604 μόνη,

283 623 414 663 πόσιν
446 617 552 662 ποθ’
588 619 707 674 ἥξειν
738 621 815 660 καί
842 617 885 673 μ’
923 619 1186 671 ἀπαλλάξειν
1217 628 1379 674 κακῶν,

285 695 329 734 εἴ
355 707 423 733 τοι
454 689 670 744 τέθνηκεν
703 687 846 742 οὗτος,
880 688 1020 732 οὐκέτ’
1058 692 1147 732 ἔστι
1182 691 1247 745 δή.

286 764 425 817 μήτηρ
459 758 498 803 δ’
535 762 687 814 ὄλωλε,
720 759 790 802 καὶ
824 762 990 815 φονεὺς
1021 760 1153 815 αὐτῆς
1185 761 1285 815 ἐγώ,
1564 774 1632 803 ⁶280

285 832 447 883 ἀδίκως
479 831 573 887 μέν,
606 831 715 873 ἀλλὰ
747 832 928 873 τᾶδικον
959 830 1077 874 τοῦτ’
1113 828 1200 874 ἔστ’
1238 832 1360 886 ἐμόν·

285 904 308 946 ὃ
342 899 381 945 δ’
418 903 635 957 ἀγλάισμα
669 903 882 957 δωμάτων
917 902 1024 957 ἐμοῦ
1055 900 1091 944 τ’
1129 904 1230 957 ἔφυ,

282 975 483 1028 θυγάτηρ
516 974 737 1027 ἄνανδρος
767 974 899 1016 πολιὰ
929 974 1266 1028 παρθενεύεται·

283 1046 342 1087 τὼ
374 1051 454 1087 τοῦ
485 1045 649 1097 πατρὸς
681 1042 730 1086 δὲ
762 1043 983 1098 λεγομένω
1015 1047 1249 1100 Διοσκόρω

288 1116 369 1158 οὐκ
400 1115 538 1158 ἐστόν.
602 1115 710 1157 ἀλλὰ
743 1114 870 1157 πάντ’
906 1117 1064 1170 ε”χουσα
1099 1117 1290 1171 δυστυχῆ
1567 1129 1633 1159 285

282 1195 374 1237 τοῖς
404 1187 655 1242 πράγμασιν
686 1185 896 1240 τέθνηκα,
929 1194 1019 1236 τοῖς
1053 1185 1091 1228 δ’
1130 1189 1324 1241 ἔργοισιν
1358 1189 1422 1230 οὔ.

284 1258 333 1300 τὸ
368 1256 406 1299 δ’
444 1259 628 1312 ἔσχατον
659 1255 795 1310 τοῦτ’,
828 1258 869 1299 εἰ
898 1260 1110 1312 μόλοιμεν
1143 1258 1186 1308 ἐς
1217 1259 1401 1313 πάτραν,

283 1328 497 1383 κλῄθροις
529 1327 583 1369 ἂν
616 1329 903 1383 εἰργοίμεσθα
936 1329 1015 1382 τὴν
1046 1327 1119 1370 ὑπ’
1152 1326 1266 1387 Ἰλίῳ

287 1400 498 1441 δοκοῦσιν
524 1396 706 1452 Ἑλένην
739 1398 948 1440 Μενέλεω
983 1403 1142 1441 θανεῖν
1173 1399 1290 1454 μέτα.

283 1471 323 1512 εἰ
352 1468 433 1524 μὲν
464 1471 547 1523 γὰρ
579 1471 648 1523 ἔζη
682 1471 822 1521 πόσις,
855 1469 1201 1524 ἀνεγνώσθημεν
1234 1470 1288 1512 ἂν
1564 1486 1631 1516 290

285 1541 328 1590 ές
360 1539 539 1595 ξύμβολ’
577 1538 762 1582 ἐλθόνθ’
801 1539 827 1581 ἃ
859 1539 1013 1595 φανέρ’
1052 1540 1107 1582 ἂν
1140 1543 1293 1595 μόνοις
1324 1543 1379 1585 ἂν
1411 1541 1479 1598 ἦν.

282 1618 366 1653 νῦν
399 1611 438 1653 δ’
475 1611 575 1653 οὔτε
607 1609 724 1653 τοῦτ’
761 1609 848 1652 ἔστ’
886 1612 987 1653 οὔτε
1019 1613 1076 1666 μὴ
1111 1617 1237 1668 σωθῇ
1268 1629 1382 1656 ποτε.

281 1685 327 1724 τί
355 1680 448 1736 δῆτ’
485 1684 548 1724 ἔτι
581 1684 654 1733 ζῶ,
686 1680 770 1724 τίν’
808 1681 1098 1737 ὑπολείπομαι
1130 1677 1287 1739 τύχην;

282 1754 450 1808 γάμους
482 1751 666 1808 ἑλομένη
698 1760 787 1794 τῶν
818 1760 964 1795 κακῶν
996 1754 1265 1809 ὑπαλλαγάς,

282 1821 372 1879 μετ’
409 1823 572 1879 ἀνδρὸς
604 1825 741 1866 οἰκεῖν
772 1824 1004 1879 βαρβάρου
1036 1826 1144 1878 πρὸς
1174 1829 1394 1869 πλουσίαν
1563 1841 1631 1871 295

283 1896 498 1950 τράπεζαν
530 1891 693 1947 ἴζουσ’;
725 1893 818 1937 ἀλλ’
857 1895 963 1937 ὅταν
994 1897 1122 1946 πόσις
1152 1899 1307 1952 πικρὸς

284 1967 391 2021 ξυνῇ
422 1968 614 2020 γυναικί,
647 1965 719 2008 καὶ
750 1968 799 2008 τὸ
831 1967 1048 2009 πλούσιον
1079 1970 1248 2023 πικρόν.

283 2040 461 2090 [θανεῖν
492 2038 742 2091 κράτιστον·
775 2044 865 2087 πῶς
895 2036 1076 2092 θάνοιμ’
1115 2038 1170 2080 ἂν
1203 2036 1285 2082 οὖν
1316 2044 1477 2092 καλῶς;

286 2108 530 2163 ἀσχήμονες
561 2106 641 2163 μὲν
673 2107 857 2162 ἀγχόναι
889 2109 1127 2163 μετάρσιοι,

200 2210 268 2240 276
294 2206 389 2251 πλὴν
415 2207 460 2250 L,
486 2206 574 2250 πρὶν
603 2206 636 2241 G
759 2209 826 2240 277
853 2205 888 2241 δ’
918 2205 956 2253 ἤ]
985 2206 1162 2253 Scaliger,
1189 2208 1237 2252 δή
1262 2209 1339 2244 LG
1371 2211 1375 2254 Ι
1407 2209 1507 2257 ὤχει]
1533 2211 1632 2245 Mus-

105 2270 228 2304 grave,
261 2259 340 2305 ὀχεῖ
363 2260 442 2294 LG
563 2262 630 2294 279
658 2259 696 2294 εἴ
715 2272 771 2294 τοι
797 2258 980 2305 τέθνηκεν
1006 2258 1127 2308 οὗτος]
1154 2262 1191 2296 F.
1220 2261 1287 2296 Gn.
1316 2262 1494 2307 Schmidt,
1526 2261 1632 2304 οὗτος

102 2311 296 2357 τέθνηκεν,
334 2310 441 2353 οὗτος
478 2312 555 2347 LG
694 2317 759 2347 281
800 2311 871 2347 ἔστ’
913 2324 983 2349 om.
1025 2314 1069 2349 G.
1126 2314 1250 2349 Verba
1288 2314 1386 2350 τοῦτ’
1430 2315 1500 2350 ἔστ’
1544 2315 1631 2360 ἐμόν

105 2367 277 2411 suspecta
397 2370 464 2400 282
498 2364 585 2410 ἐμόν
618 2365 735 2401 Cobet
855 2370 923 2400 283
956 2369 1066 2402 πολιᾶ
1092 2368 1171 2402 LG
1292 2372 1360 2403 284
1393 2369 1545 2415 πατρὸς]
1572 2370 1629 2404 W.

105 2418 290 2463 Ribbeck,
329 2419 420 2459 Διὸς
450 2419 528 2454 LG
569 2421 572 2463 Ι
613 2420 661 2454 τὼ
698 2425 763 2454 τοῦ
801 2419 893 2460 Διὸς
925 2449 931 2454 .
967 2449 973 2455 .
1007 2422 1118 2456 δισσὼ
1156 2419 1252 2465 κόρω
1292 2422 1330 2456 F.
1363 2422 1430 2456 Gn.
1465 2422 1632 2457 Schmidt

201 2476 268 2506 285
296 2471 401 2518 ἀλλὰ]
428 2472 504 2517 ἅμα
531 2471 571 2507 δὲ
597 2473 634 2507 F.
663 2472 731 2507 Gu.
759 2472 937 2517 Schmidt,
963 2473 1047 2508 fort.
1075 2471 1148 2519 ἆρα
1246 2478 1313 2509 286
1340 2475 1527 2520 πράγμασι
1553 2475 1630 2510 LG

199 2528 360 2559 287-92
389 2525 490 2560 delet
515 2525 659 2571 Goguel
744 2529 812 2560 287
839 2532 947 2561 τοῦτο
974 2527 1006 2561 εἰ
1031 2528 1077 2571 L,
1102 2526 1202 2562 τοῦτ’
1233 2528 1265 2562 εἰ
1292 2529 1303 2562 Ζ
1324 2529 1329 2573 Ι
1353 2525 1389 2568 ἐς
1414 2528 1474 2562 hic
1503 2528 1535 2562 G

105 2582 172 2612 288
193 2576 387 2624 κλῄθροις]
408 2578 583 2623 Elmsley‚
603 2577 790 2623 κλείθροις
809 2579 887 2614 LG
974 2584 1041 2614 289
1061 2582 1251 2627 δοκοῦσιν]
1272 2581 1413 2626 scripsi,
1435 2582 1632 2621 δοκοῦντες

104 2631 181 2666 LG
205 2632 209 2677 Ι
230 2631 382 2676 θανεῖν]
402 2631 440 2665 F.
463 2630 530 2666 Gu,
552 2631 730 2675 Schmid&
757 2630 794 2676 μ’
825 2631 950 2667 ἐλθεῖν
977 2633 1055 2668 LG
1161 2638 1226 2669 291
1256 2632 1412 2668 ἐλθόνθ’
1443 2633 1466 2667 ἃ
1493 2633 1624 2678 φανέρ’

105 2683 167 2730 ἂν]
193 2684 344 2726 Porson,
370 2681 543 2724 ἐλθόντες
567 2683 591 2718 ἃ
618 2684 764 2729 φανερὰ
784 2685 873 2720 LG.
912 2684 1068 2721 ἐλθόνθ’
1100 2686 1255 2731 ἁμφανῆ
1282 2686 1438 2731 Camper
1460 2688 1464 2733 Ι
1487 2686 1629 2733 μόνοις-Ι

105 2735 235 2781 μόνοιν
261 2736 484 2771 Hel-werden
607 2741 674 2771 292
701 2740 810 2772 σωθῶ
837 2737 953 2772 Orelli
1067 2743 1135 2774 ‘294
1161 2739 1373 2785 ὑπαλλαγάς
1398 2740 1487 2783 LG,
1513 2740 1629 2774 ἀπαλ-

104 2789 218 2835 λαγάς
242 2802 264 2835 {J
379 2793 446 2823 297
473 2790 663 2836 πλούσιον]
691 2790 832 2835 scripsi,
859 2790 946 2835 σῶμ’
978 2789 1052 2826 ἐστὶ
1078 2794 1156 2827 LG
1276 2796 1343 2827 298
1370 2799 1447 2833 πῶς
1469 2792 1625 2837 θάνοιμ’

105 2841 153 2877 ἂν
185 2840 268 2889 οὖν]
299 2842 343 2877 H.
372 2842 599 2887 Stephanus,
637 2842 866 2888 προθάνοιμ’
903 2842 950 2879 ἂν
976 2846 1019 2880 οὐ
1046 2846 1123 2880 LG
1256 2850 1324 2880 299
1342 2867 1379 2871 -
1399 2849 1466 2880 302
1493 2846 1631 2881 delevit

105 2895 286 2941 Hastung,
315 2898 382 2930 298
399 2899 500 2929 -302
526 2896 584 2931 W.
612 2896 652 2931 G.
682 2897 792 2932 Clark
