1929 3208
293 150 349 186 34)
938 146 1203 177 ΙῦΊΊῚΙΙΙΔΗΓ

505 259 653 308 μαστῷ
688 255 895 306 γυναικὸς
927 260 1005 307 σῆς
1036 253 1298 307 ὑπεβλήθην
1333 253 1510 309 λάθραΙ

505 322 669 373 ἔδειξας
703 324 763 372 εἰς
795 321 977 376 ἔλεγχον
1009 322 1204 373 ἐξελθὼν
1236 323 1283 372 ὃς
1318 320 1359 365 εἷ
1789 336 1856 365 640

505 396 578 435 καί
608 394 648 446 μ’
686 393 737 434 οὐ
772 396 929 447 νομίζω
963 395 1098 436 παῖδα
1132 396 1212 436 σὸν
1245 395 1499 447 πεφυκέναι.

510 464 532 518 ἡ
567 466 674 518 τᾶρα
708 466 886 506 πάντων
919 465 1173 519 διαπρέπεις
1207 465 1392 521 ἀψυχίᾳ,

505 537 552 585 ὃς
586 536 806 590 τηλικόσδ’
844 537 906 578 ὢν
938 537 1042 578 κάπὶ
1075 536 1192 591 τέρμ’
1228 538 1346 591 ἥκων
1379 538 1480 589 βίον

505 609 583 648 οὐκ
611 607 830 661 ἠθέλησας
863 607 957 649 οὐδ’
995 607 1232 662 ἐτόλμησας
1265 614 1424 649 θανεῖν

506 685 582 720 τοῦ
616 685 697 720 σοῦ
729 680 814 733 πρὸ
841 679 1017 732 παιδός,
1050 680 1160 721 ἀλλὰ
1192 677 1314 734 τήνδ’
1352 679 1521 720 εἰάσατε
1790 691 1857 721 645

506 749 678 804 γυναῖκ’
715 750 915 803 ὀθνείαν,
947 751 1003 804 ἣν
1035 749 1119 804 ἐγὼ
1152 751 1224 792 καὶ
1256 750 1418 804 μητέρα

505 821 669 874 πατέρα
703 822 737 861 τ’
774 820 828 862 ἂν
855 820 1039 871 ἐνδίκως
1070 821 1125 863 ἂν
1150 823 1339 875 ἡγοίμην
1371 824 1524 875 μόνην.

506 894 647 933 καίτοι
680 894 815 933 καλόν
847 891 886 945 9¹⁹
924 891 978 933 ἂν
1010 890 1123 934 τόνδ’
1160 890 1293 946 ἀγῶν’
1331 893 1534 946 ἠγωνίσω

506 969 584 1004 τοῦ
618 969 698 1004 σοῦ
731 964 816 1017 πρὸ
849 963 1005 1012 παιδὸς
1036 964 1285 1017 κατθανών,
1317 965 1482 1017 βραχὺς
1514 959 1560 1004 δὲ
1594 974 1663 1005 σοι

506 1033 678 1083 πάντως
711 1033 733 1075 ὁ
768 1035 920 1083 λοιπὸς
950 1031 1006 1088 ἦν
1039 1034 1248 1087 βιώσιμός
1280 1036 1448 1088 χρόνος.
1792 1046 1859 1077 650

507 1105 646 1160 [κάγώ
680 1103 718 1146 τ’
758 1105 813 1147 ἂν
845 1103 951 1156 ἔζων
984 1106 1087 1160 χῆδε
1121 1107 1199 1147 τὸν
1233 1106 1389 1147 λοιπὸν
1421 1107 1586 1159 χρόνον

506 1176 613 1218 κούκ
647 1176 702 1218 ἂν
733 1177 954 1229 μονωθεὶς
986 1175 1166 1218 ἔστενον
1197 1183 1346 1225 κακοῖς
1377 1175 1526 1230 ἐμοῖς]

508 1248 578 1288 καὶ
610 1248 697 1301 μὴν
730 1247 796 1289 ὅσ’
829 1248 971 1302 ἄνδρα
1003 1249 1084 1302 χρὴ
1117 1252 1282 1290 παθεῖν
1315 1247 1556 1300 εὐδαίμονα

508 1318 752 1368 πέπονθας·
786 1319 953 1373 ἤβησας
984 1319 1065 1372 μὲν
1098 1318 1146 1360 ἐν
1178 1319 1426 1373 τυραννίδι,

507 1396 609 1439 παῖς
642 1390 683 1430 δ’
718 1387 774 1443 ἦν
806 1388 890 1443 ἐγώ
924 1400 995 1431 σοι
1026 1390 1165 1431 τῶνδε
1199 1389 1403 1444 διάδοχος
1437 1389 1604 1443 δόμων,
1792 1401 1859 1431 1255

508 1461 610 1502 ὥστ’
643 1461 724 1502 οὐκ
757 1461 936 1510 ἄτεκνος
967 1462 1206 1503 κατθανὼν
1238 1461 1386 1510 ἄλλοις
1419 1461 1558 1513 δόμον

509 1534 677 1582 λείψειν
709 1530 884 1585 ἔμελλες
916 1531 1118 1586 ὀρφανὸν
1150 1532 1399 1585 διαρπάσαι.

509 1603 560 1644 οὐ
593 1604 680 1657 μὴν
712 1602 825 1658 ἐρεῖς
855 1602 909 1657 γέ
936 1603 980 1656 μ’
1006 1603 1064 1653 ὡς
1097 1603 1356 1656 ἀτιμάζοντα
1389 1604 1469 1645 σὸν

509 1682 645 1729 γῆρας
675 1679 837 1716 θανεῖν
868 1674 1152 1729 προύδωκας,
1185 1675 1304 1724 ὅστις
1337 1674 1567 1729 αἰδόφρων

509 1746 618 1799 πρὸς
650 1745 691 1787 σ’
722 1743 748 1798 ἧ
780 1745 986 1799 μάλιστα,
1018 1744 1144 1787 κάντὶ
1176 1745 1318 1788 τῶνδέ
1346 1761 1420 1799 μοι
1451 1745 1580 1800 χάριν
1793 1755 1860 1787 660

508 1816 684 1858 τοιάνδε
716 1816 788 1857 καὶ
820 1818 876 1857 σὺ
908 1816 960 1870 χὴ
994 1816 1165 1858 τεκοῦσ’
1197 1815 1454 1870 ἠλλαξάτην.

509 1889 661 1942 τοιγὰρ
694 1888 901 1941 φυτεύων
932 1888 1092 1937 παῖδας
1124 1887 1266 1929 οὐκέτ’
1299 1887 1354 1929 ἂν
1386 1887 1599 1941 φθάνοις,

510 1960 554 2000 οἳ
583 1960 967 2013 γηροβοσκήσουσι
998 1958 1070 2000 καὶ
1101 1960 1302 2000 θανόντα
1336 1970 1383 1999 σε

509 2033 817 2084 περιστελοῦσι
848 2029 921 2071 καὶ
953 2032 1259 2084 προθήσονται
1289 2030 1461 2084 νεκρόν.

509 2101 562 2142 οὐ
596 2101 678 2155 γάρ
711 2100 752 2142 σ’
784 2098 920 2155 ἔγωγε
952 2099 1048 2155 τῇδ’
1079 2099 1159 2156 ἐμῇ
1191 2100 1323 2151 θάψω
1357 2101 1467 2154 χερί·
1793 2107 1860 2138 665

510 2171 724 2227 [τέθνηκα
757 2172 839 2226 γὰρ
873 2172 926 2226 δὴ
959 2171 1090 2213 τούπὶ
1122 2172 1180 2213 σ’·
1213 2172 1251 2213 εἰ
1283 2171 1329 2212 δ’
1362 2172 1498 2213 ἄλλον
1529 2173 1674 2226 τυχὼν

510 2250 704 2297 σωτῆρος
737 2242 874 2297 αὐγὰς
906 2243 1078 2297 εἰσορῶ,
1116 2244 1266 2284 κείνου
1300 2242 1410 2296 λέγω

510 2315 582 2356 καὶ
613 2314 749 2356 παῖδά
781 2313 830 2367 μ’
863 2310 977 2356 εἶναι
1008 2314 1081 2356 καὶ
1113 2315 1248 2368 φίλον
1279 2312 1591 2368 γηροτρόφον]

358 2519 424 2549 643
451 2515 638 2558 tamuda&
672 2515 755 2561 Ba]
792 2514 940 2559 τηλίκος
976 2515 1003 2550 S
1036 2515 1084 2560 (L
1121 2513 1149 2550 τ’
1185 2513 1311 2559 ἡλίκος
1346 2516 1393 2558 Ρ)
1529 2516 1701 2548 645—47
1743 2513 1859 2547 deleri

298 2562 376 2596 vulfi
414 2562 582 2596 Badham
705 2566 770 2597 647
810 2562 842 2597 τ’
883 2561 928 2598 ἂν
966 2562 1145 2608 Elmsley]
1184 2563 1214 2596 τ’
1251 2563 1319 2596 Βα
1357 2575 1395 2596 τε
1434 2561 1463 2606 γ’
1503 2562 1529 2596 S
1567 2562 1572 2605 j
1614 2561 1676 2595 καὶ
1715 2559 1859 2603 πατέρα

298 2609 488 2649 πανδίκως
523 2610 562 2643 F.
596 2609 691 2644 Guil.
726 2609 895 2644 Schmidt
935 2612 939 2654 Ι
979 2609 1094 2654 μόνην
1120 2609 1214 2655 Sa]
1243 2608 1330 2654 ἐμόν
1356 2610 1392 2644 Β
1562 2612 1640 2657 651..
1674 2611 1742 2642 652
1776 2619 1795 2642 e
1828 2619 1857 2641 v.

299 2661 378 2691 295.
405 2661 473 2691 296
500 2657 642 2692 effictos
670 2657 863 2692 damnavit
887 2657 1049 2702 Lenting
1171 2660 1237 2691 651
1266 2657 1348 2701 ἔζην
1374 2668 1398 2691 α
1520 2659 1587 2690 655
1614 2658 1634 2699 ἠ
1663 2655 1774 2700 γεγώς
1801 2666 1859 2690 σοι

298 2704 430 2739 Nauck
488 2707 492 2749 Ι
551 2704 690 2750 δόμων]
734 2702 884 2748 θρόνων
928 2704 966 2739 F.
1012 2703 1109 2738 Guil.
1150 2703 1320 2738 Schmidt
1466 2706 1531 2738 657
1572 2702 1778 2746 διαρπάσαι
1816 2702 1857 2748 S]

299 2751 518 2795 διαρπάσειν
543 2753 582 2787 rZ
662 2755 730 2786 658
756 2751 983 2797 ἀτιμάζοντα
1008 2751 1049 2797 S]
1076 2751 1262 2796 ἀτιμάζων
1286 2749 1328 2786 τὸ
1354 2764 1373 2786 ν
1470 2753 1537 2785 659
1569 2749 1790 2794 προῦδωκας
1816 2749 1858 2795 S]

300 2799 497 2841 προῦδωκά
524 2798 560 2834 6'
590 2812 609 2834 r
683 2802 750 2834 660
776 2797 867 2843 πρὸς
895 2799 947 2845 6³]
973 2799 1084 2843 πρόσ’
1105 2800 1140 2834 Β
1163 2801 1168 2843 1
1191 2796 1212 2843 ἧ
1239 2799 1418 2844 Elmsley]
1445 2794 1490 2842 ἧν
1515 2796 1603 2832 libri
1677 2800 1743 2832 665
1771 2798 1858 2842 τῇδε

299 2849 345 2891 μὴ
371 2847 471 2881 Weil
505 2849 509 2890 Ι
543 2846 682 2891 θάλψω
709 2847 745 2881 Β
868 2850 1042 2881 666-68
1070 2845 1221 2881 seclusit
1247 2846 1413 2881 Badham
1441 2848 1523 2890 (668
1551 2844 1858 2879 absurdissimum

300 2905 376 2928 esse
403 2896 596 2928 notaverat
621 2893 768 2937 Nauck)
