1929 3208
253 151 308 193 24
901 148 1169 180 1⁴:r1‘111mor

924 255 1145 286 mmmmm

465 329 596 368 δοκεῖ.
659 328 703 368 τί
733 327 816 380 γὰρ
850 327 917 367 δεῖ
949 334 1186 379 συμποτῶν
1218 328 1377 380 ἄλλων,
1411 326 1625 378 Κύκλωψ;
1746 338 1815 369 540

316 402 401 441 ΚΤ.
465 398 536 439 καὶ
567 398 654 451 μὴν
687 396 907 451 λαχνῶδές
939 399 980 451 γ’
1015 394 1150 448 οὖδας
1182 396 1359 454 ἀνθηρᾷ
1391 399 1508 455 χλόῃ.

323 473 399 512 ΣΙ.
463 470 534 511 καὶ
566 470 676 523 πρός
708 484 756 522 γε
788 468 961 518 θάλπος
992 469 1120 522 ἡλίου
1153 470 1300 510 πίνειν
1331 470 1476 510 καλόν.

462 541 643 594 κλίθητί
673 540 758 581 νύν
789 556 862 593 μοι
895 541 1062 593 πλευρὰ
1093 540 1191 589 θεὶς
1223 539 1294 581 ἐπὶ
1326 541 1501 594 χθονός.

310 617 398 654 ΚΤ.
462 613 506 654 τί
536 612 645 665 δῆτα
678 612 755 653 τὸν
787 611 967 666 κρατῆρ’
1002 610 1166 653 ὄπισθέ
1195 627 1280 664 μου
1313 616 1472 662 τιθεῑς;
1746 622 1814 654 545

321 687 397 726 ΣΙ.
461 684 518 733 ὡς
549 684 606 737 μὴ
640 682 811 737 παριών
843 699 907 732 τις
939 682 1170 740 καταβάλῃ.
1234 685 1326 724 ΚΤ.
1360 684 1506 724 πίνειν
1537 682 1618 736 μὲν
1644 679 1726 724 οὖν

460 754 659 796 κλέπτων
691 755 746 795 σὺ
779 754 948 807 βούλει·
980 753 1140 803 κάτθες
1173 754 1309 795 αὐτὸν
1341 753 1385 803 ἐς
1416 753 1563 807 μέσον.

461 827 516 867 σὺ
550 826 608 879 δ’,
641 822 674 867 ὦ
708 823 814 879 ξέν’,
847 825 940 866 εἰπὲ
972 823 1150 878 τοῦνομ’
1182 825 1204 867 ὅ
1237 840 1278 865 τι
1309 836 1356 866 σε
1389 826 1469 880 χρὴ
1502 828 1662 867 καλεῖν.

307 901 399 940 ΟΛ.
466 893 620 939 Οὖτιν·
654 896 784 952 χάριν
816 896 865 938 δὲ
898 897 995 938 τίνα
1028 896 1176 950 λαβών
1209 895 1248 937 σ’
1278 895 1512 948 ἐπαινέσω

306 972 399 1012 KY.
462 969 640 1010 πάντων
673 966 712 1009 σ’
744 967 930 1022 ἑταίρων
960 967 1149 1022 ὕστερον
1180 967 1459 1021 θοινάσομαι.
1745 978 1815 1010 550

307 1044 398 1083 ΟΛ.
460 1041 596 1082 καλόν
628 1055 677 1093 γε
708 1040 757 1081 τὸ
791 1038 920 1093 γέρας
951 1046 1010 1095 τῷ
1044 1038 1151 1095 ξένω
1184 1039 1337 1093 δίδως,
1370 1039 1576 1091 Κύκλωψ.

306 1115 350 1154 K
358 1116 398 1153 Γ.
463 1107 612 1165 οὗτος,
644 1112 688 1152 τί
717 1110 843 1167 δρᾷς;
875 1111 953 1152 τὸν
985 1106 1110 1152 οἶνον
1142 1109 1333 1159 ἐκπίνεις
1366 1110 1530 1166 λάθρᾳς

318 1185 395 1225 ΣΙ.
459 1183 560 1236 οὔκ,
592 1181 689 1223 ἀλλ’
719 1179 782 1234 ἔμ’
813 1178 941 1231 οὗτος
974 1178 1145 1235 ἔκυσεν,
1177 1181 1244 1223 ὅτι
1275 1182 1411 1223 καλὸν
1443 1181 1600 1235 βλέπω.

306 1257 398 1296 KY.
462 1253 629 1311 κλαύσῃ
662 1255 807 1307 φιλῶν
838 1254 917 1294 τὸν
949 1248 1075 1294 οἶνον
1107 1253 1159 1294 οὐ
1193 1252 1411 1307 φιλοῦντά
1442 1263 1503 1294 σε.

317 1327 395 1367 ΣΙ.
458 1325 532 1366 ναὶ
557 1325 615 1378 μὰ
641 1323 737 1378 Δί’,
762 1322 857 1366 ἐπεὶ
882 1324 935 1365 οὔ
961 1339 1046 1376 μου
1074 1326 1160 1378 φής
1186 1321 1262 1378 σφ’
1287 1322 1394 1378 ἐρᾶν
1419 1323 1546 1373 ὄντος
1570 1326 1718 1365 καλοῦ.
1745 1333 1814 1366 555

305 1399 399 1438 ΚΤ.
462 1394 599 1450 ἔγχει,
631 1394 777 1437 πλέων
808 1395 858 1437 δὲ
889 1396 967 1437 τὸν
999 1395 1185 1450 σκύφον.
1248 1395 1376 1437 δίδου
1409 1396 1558 1448 μόνον.

317 1470 395 1509 ΣΙ.
457 1474 548 1516 πῶς
580 1462 663 1508 οὖν
694 1465 915 1521 κέκραται;
949 1465 1056 1522 φέρε
1088 1466 1440 1520 διασκεψώμεθα.

305 1541 397 1580 ΚΥ.
461 1537 657 1588 ἀπολεῖς·
685 1538 761 1588 δὸς
787 1537 936 1588 οὕτως.
1000 1540 1078 1580 ΣΙ.
1105 1537 1178 1579 ναὶ
1205 1538 1264 1591 μὰ
1289 1535 1366 1579 Δί’
1398 1537 1451 1580 οὐ
1478 1537 1584 1593 πρὶν
1610 1537 1665 1579 ἄν
1690 1535 1743 1592 γε’
1765 1547 1813 1579 σε

459 1608 681 1663 στέφανον
713 1608 793 1651 ἴδω
827 1610 1020 1663 λαβόντα
1051 1609 1277 1663 γεύσωμαί
1304 1608 1354 1651 τέ
1382 1625 1434 1651 τι.

304 1684 397 1723 KY.
460 1679 654 1738 ᾠνοχόος
674 1680 835 1730 ἄδικος.
898 1683 976 1722 ΣΙ.
1004 1680 1056 1722 οὐ
1077 1681 1136 1734 μὰ
1156 1678 1250 1734 Δί’,
1277 1680 1370 1722 ἀλλ’
1395 1675 1509 1738 ᾦνος
1528 1679 1703 1735 γλυκύς.
1743 1689 1813 1722 560

460 1751 736 1805 ἀπομακτέον
768 1751 820 1794 δέ
848 1752 1032 1794 σοῦστιν
1063 1752 1121 1801 ὡς
1153 1754 1269 1810 λήψῃ
1300 1758 1431 1794 πιεῖν.

305 1826 398 1866 ΚΤ.
465 1823 584 1877 ἰδού,
615 1824 818 1878 καθαρὸν
848 1824 897 1865 τὸ
929 1826 1073 1878 χεῖλος
1104 1824 1149 1865 αἱ
1180 1824 1323 1878 τρίχες
1354 1822 1403 1865 τέ
1430 1838 1527 1876 μου.

315 1897 392 1937 ΣΙ.
455 1893 536 1944 θές
566 1910 653 1936 νυν
685 1895 764 1936 τὸν
796 1893 957 1949 ἀγκῶν’
987 1894 1224 1949 εὐρύθμως
1254 1888 1348 1951 κᾷτ’
1380 1891 1521 1948 ἔκπιε,

459 1966 607 2021 ὥσπερ
638 1965 681 2019 μ’
711 1965 817 2023 ὁρᾷς
847 1967 1033 2008 πίνοντα
1064 1965 1239 2020 χῶσπερ
1272 1990 1329 1995 —
1361 1964 1518 2007 οὐκέτι.

303 2103 370 2134 541
398 2099 452 2146 γ’]
473 2099 623 2143 Porson,
646 2101 683 2134 τ’
703 2101 782 2136 LP
800 2103 805 2145 Ι
828 2100 981 2151 ἀνθηρᾷ
1000 2098 1104 2147 χλόῃ]
1127 2099 1329 2142 Kirchhoffi
1357 2099 1529 2143 ἀνθηρᾶς
1547 2101 1656 2145 χλοῆς
1676 2096 1812 2145 (χλόης)

243 2153 323 2188 LP
392 2157 460 2187 542
480 2151 612 2200 καλόν]
632 2155 740 2188 καλεῖ
756 2154 794 2189 L.
811 2153 972 2199 Spengel
994 2156 999 2198 Ι
1021 2155 1106 2198 post
1126 2157 1194 2188 542
1213 2165 1359 2188 versum
1379 2151 1550 2197 Cyclopis
1575 2152 1810 2188 intercidisse

242 2207 352 2250 putat
386 2206 584 2241 Kirchhoff
678 2211 746 2241 543
772 2204 865 2251 πρός
899 2219 938 2252 γε
965 2207 1040 2251 Lp,
1075 2203 1168 2250 πρός
1201 2220 1238 2241 τε
1265 2208 1301 2241 Ρ
1395 2210 1463 2241 544
1489 2211 1556 2241 νῦν
1583 2206 1664 2241 LP
1683 2207 1688 2250 Ι
1709 2203 1808 2252 θείς]

242 2259 330 2294 fort.
367 2259 456 2299 δούς
561 2263 630 2295 545
669 2262 755 2295 ante
791 2259 827 2295 τί
863 2259 1014 2304 scripsib
1047 2261 1230 2305 κυ(κλωψ)
1269 2260 1351 2294 ἰδοὺ
1388 2261 1400 2295 l
1441 2259 1481 2293 in
1524 2269 1654 2294 rasura
1697 2259 1809 2294 nossae

242 2314 423 2357 κυζκλωψ)
460 2312 507 2347 ab
534 2312 562 2346 L
597 2313 759 2358 scriptae
783 2314 787 2359 Ι
809 2313 895 2359 μου]
932 2313 1015 2348 forb.
1043 2318 1108 2348 σοῦ
1138 2313 1142 2357 Ι
1169 2315 1290 2353 τιθεῖς
1324 2314 1405 2357 Ly),
1440 2312 1560 2352 τιθεὶς
1585 2313 1629 2355 Ρ,
1660 2310 1771 2357 τίθης
1797 2311 1810 2346 l

302 2369 370 2399 546
396 2366 558 2413 παριών]
596 2366 750 2409 Reiske,
788 2367 919 2410 παρών
957 2367 1039 2402 LP
1064 2368 1068 2411 Ι
1096 2366 1286 2412 καταλάβη
1325 2367 1419 2408 LP,
1457 2365 1648 2412 καταβάλῃ
1687 2376 1714 2410 p

243 2423 311 2454 547
338 2419 505 2460 κατάθες
531 2419 698 2465 Scaliger
780 2423 848 2454 549
875 2419 977 2454 οὔτιν
1004 2421 1040 2455 Ρ
1118 2422 1186 2453 550
1211 2419 1369 2454 Ἰὕστατον
1395 2420 1585 2455 Hermann
1658 2421 1726 2454 553
1753 2419 1809 2453 σιλ

243 2484 287 2508 ex
313 2472 358 2508 ὀδ
384 2484 474 2508 corr.
503 2473 538 2508 L
635 2476 702 2507 555
730 2472 809 2508 ἐπεὶ
836 2472 879 2507 οὔ
903 2503 907 2507 .
931 2501 938 2507 .
960 2500 966 2507 .
989 2473 1057 2516 σφ’
1078 2472 1182 2519 ἐρᾶν]
1209 2473 1401 2517 Wieseler,
1428 2471 1508 2508 ἐπεί
1529 2502 1535 2508 .
1557 2500 1565 2507 .
1588 2501 1594 2507 .
1616 2472 1705 2516 ἐρᾶν
1732 2472 1811 2506 LP

302 2529 371 2560 556
397 2524 516 2561 πλέων
543 2525 584 2561 δὲ
614 2524 680 2561 τὸν
707 2526 852 2570 σκύφον
878 2524 987 2560 δίδου
1012 2523 1112 2572 μόνῳ
1139 2526 1313 2572 Harfiung
1410 2530 1478 2562 558
1506 2526 1579 2572 ΣΙ]
1605 2525 1744 2560 lineola
1767 2525 1808 2559 in

243 2579 321 2621 LP,
350 2581 429 2623 σιλη
456 2590 638 2624 suprascr.
660 2591 688 2624 p
710 2578 716 2626 Ι
738 2579 817 2625 ναὶ]
845 2579 929 2614 fort.
957 2579 1000 2614 οὐ
1098 2583 1165 2614 559
1191 2577 1231 2614 τέ
1255 2580 1304 2626 τι]
1331 2580 1475 2622 Nauck,
1500 2580 1538 2614 τ’
1564 2578 1617 2613 ἔτι
1643 2579 1722 2614 LP

243 2635 311 2667 560
336 2630 510 2679 ᾡνοχόος]
539 2632 690 2677 Canter,
717 2629 745 2667 ὦ
772 2629 942 2677 οἰνοχόος
967 2633 1063 2676 LP1
1087 2633 1165 2679 ΣΙ.]
1192 2632 1331 2668 lineola
1355 2634 1395 2668 in
1421 2634 1506 2676 LP,
1539 2631 1654 2667 Sileni
1678 2632 1806 2666 notam

243 2695 425 2729 suprascr.
449 2697 476 2730 p
499 2687 504 2732 Ι
526 2686 570 2721 οὐ
596 2697 666 2720 om.
695 2686 768 2721 LP
798 2686 876 2730 (sed
906 2685 945 2719 in
970 2686 1005 2720 L
1029 2687 1185 2731 rasura),
1221 2686 1369 2720 addidit
1403 2686 1594 2720 Hermann
1615 2687 1621 2730 1
1643 2680 1734 2733 ᾦνος
1759 2685 1806 2729 L,

243 2734 337 2778 ὦνος
357 2739 394 2773 Ρ
455 2742 522 2773 561
545 2737 796 2785 ἀπομακτέον]
818 2737 944 2781 Cobeh,
960 2737 1195 2783 ἀπομυκτέον
1206 2740 1251 2782 L,
1272 2737 1496 2784 ἀπομικτέον
1511 2740 1565 2785 ΡΙ
1582 2750 1640 2774 σοι
1657 2751 1676 2772 *
1692 2751 1712 2772 *
1726 2751 1745 2772 »ιι
1758 2738 1806 2778 ὡς

244 2791 278 2824 L
297 2791 320 2825 i.
337 2801 367 2825 e.
388 2789 447 2826 σοί
472 2791 570 2826 ἐστιν
596 2792 645 2832 ὡς
670 2792 961 2837 (VVilamowitz),
987 2790 1046 2827 σοί
1070 2793 1109 2837 γ’
1130 2791 1230 2832 ὅπως
1250 2793 1312 2836 ΖΡ,
1340 2792 1475 2827 σοῦσθ’
1496 2791 1594 2832 ὅπως
1613 2790 1810 2827 Kirchhoff

303 2847 371 2878 563
397 2850 466 2879 νῦν
504 2845 590 2889 LP,
628 2858 697 2880 νυν
736 2856 826 2880 corr.
865 2847 901 2880 et
939 2856 1118 2890 superscr.
1158 2847 1203 2890 δη
1242 2846 1281 2890 ΖΙ
1310 2844 1451 2880 ἐκπιεῖν
1490 2845 1712 2880 Her-werden

244 2899 312 2930 564
339 2896 510 2942 Cyclopis
542 2900 633 2933 nota
665 2898 767 2933 eluta
798 2899 837 2933 in
864 2900 924 2943 ΡΙ
946 2896 1084 2945 οὐκέτι]
1113 2898 1256 2942 Nauck,
1283 2899 1351 2933 οὐκ
1377 2897 1439 2943 ἐμέ
1465 2899 1537 2934 LP
