1929 3208
242 194 294 228 ‘’h'
870 191 1135 223 wrl'mmm·

418 301 440 340 ὑ
473 298 552 354 μὲν
586 299 777 354 πονηρὸς
811 295 944 339 οὐδὲν
977 299 1083 339 ἄλλο
1117 299 1231 352 πλὴν
1264 298 1413 347 κακός,

419 372 441 410 ‹'›
477 368 515 411 δ’
548 369 708 419 ἐσθλὸς
739 369 898 418 ἐσθλὸς
932 367 1034 411 οὐδὲ·
1068 375 1299 424 συμφορᾶς
1330 369 1416 410 ’ὕπο

416 442 553 495 φύσιν
587 439 826 494 διε’φθειρ’,
858 440 966 482 ἀλλὰ
999 442 1183 495 χρηστός
1216 438 1300 481 ἐστ’
1333 440 1418 489 άείς

419 510 487 566 ἆρ’
520 513 565 553 οἱ
593 514 790 561 τεκόντες
822 511 1116 565 διαφέρουσιν
1148 510 1174 564 ἢ
1206 514 1386 565 τρ()φαι’;

421 586 506 637 ἔχει
539 599 586 637 γε
620 582 769 637 μέντοι
803 581 874 624 καὶ
907 584 953 624 τὸ
986 588 1245 635 θρεφθῆναι
1278 585 1419 631 καλῶς
1695 595 1762 623 ι’»υο

419 655 592 704 ‹magu›
625 654 808 696 ἐσθλοῦ·
842 659 971 695 τοῦτο
1005 651 1044 695 δ’
1076 654 1131 707 ἥν
1163 669 1226 703 τις
1259 649 1308 694 εὖ
1339 654 1481 708 μάθῃ,

419 723 538 767 οἶδεν
571 727 619 767 τό
653 721 691 778 γ’
724 725 926 779 αἰσχρόν,
958 725 1113 765 κανόνι
1145 728 1224 765 τοῦ
1257 727 1395 765 καλοῦ
1427 729 1650 779 σταθμῶν.

419 795 490 838 καὶ
522 802 655 838 ταῦτα
689 793 769 849 μὲν
802 796 856 849 δὴ
892 800 994 844 νοῦς
1026 794 1254 845 ἐτόξευσεν
1286 795 1445 850 μάτην·

419 870 475 910 σὺ
509 867 547 910 δ’
581 865 684 909 ἐλθὲ
716 865 788 908 καὶ
821 868 1018 921 σήμηνον
1048 863 1260 919 Ἀργείοις
1290 866 1416 917 τάδε,

419 940 476 994 μὴ
511 939 743 992 θιγγάνειν
777 954 850 992 μοι
882 935 1054 992 μηδέν’,
1088 935 1176 978 ἀλλ’
1214 940 1375 990 εἴργειν
1409 939 1540 993 ὄχλον
1697 950 1763 977 1305

421 1017 494 1064 τῆς
525 1011 693 1058 παιδός.
756 1010 804 1051 ἕν
836 1024 903 1050 τοι
936 1010 1078 1065 μυρίῳ
1112 1009 1399 1062 στρατεύματι

420 1082 658 1130 ἀκόλαστος
691 1081 818 1135 ὄχλος
850 1081 1033 1132 ναυτική
1065 1078 1099 1121 τ’
1135 1079 1320 1133 ἀναρχία

419 1155 635 1207 κρείσσων
666 1153 825 1205 πυρός,
858 1152 988 1200 κακὸς
1020 1148 1057 1191 δ’
1092 1151 1114 1193 ὁ
1146 1152 1204 1204 μή
1237 1166 1278 1192 τι
1313 1151 1432 1205 δρῶν
1464 1153 1609 1193 κακόν.

419 1226 473 1266 σὺ
507 1220 546 1265 δ’
578 1219 634 1265 αὖ
667 1224 864 1276 λαβοῦσα
895 1227 1067 1275 τεῦχος,
1100 1220 1256 1275 ἀρχαία
1289 1222 1436 1277 λάτρι,

419 1291 579 1349 βάψασ’
611 1296 759 1347 ἔνεγκε
791 1294 924 1346 δεῦρο
956 1293 1136 1341 ποντίας
1168 1292 1291 1346 ἁλός,
1697 1306 1764 1335 οιο

420 1367 477 1416 ὡς
507 1367 643 1408 παῖδα
676 1369 879 1418 λουτροῖς
909 1371 999 1413 τοῖς
1031 1364 1325 1413 πανυστάτοις
1358 1364 1466 1418 ἐμὴν

423 1439 601 1492 νύμφην
632 1433 669 1477 τ’
700 1436 908 1489 ἅνυμφον
940 1432 1169 1489 παρθένον
1200 1430 1238 1475 τ’
1269 1433 1526 1489 ἀπάρθενον

420 1510 566 1551 λούσω
599 1507 840 1562 προθῶμαί
866 1503 913 1546 θ’
937 1530 994 1534 -
1026 1505 1084 1555 ὡς
1115 1502 1196 1560 μὲν
1229 1504 1345 1558 ἀξία,
1377 1508 1540 1558 πόθεν;

422 1581 504 1622 οὐκ
536 1579 590 1621 ἂν
622 1579 860 1632 δυναίμην·
894 1577 952 1626 ὡς
985 1574 1025 1618 δ’
1057 1578 1158 1632 ἔχω·
1191 1579 1236 1618 τί
1263 1578 1346 1631 γὰρ
1378 1578 1529 1630 πάθω;

421 1654 589 1706 κόσμον
621 1648 658 1691 τ’
691 1647 884 1704 ἀγείρασ’
917 1649 1252 1704 αἰχμαλωτίδων
1283 1648 1421 1702 πάρα,
1698 1661 1765 1691 (315

421 1724 470 1764 αἵ
498 1738 572 1777 μοι
604 1721 817 1775 πάρεδροι
848 1716 980 1761 τῶνδ’
1012 1721 1096 1761 ἔσω
1130 1719 1429 1775 σκηνωμάτων

420 1796 644 1845 ναιουσιν,
677 1796 720 1834 εἰ
746 1808 811 1841 τις
842 1793 946 1840 τοὺς
978 1789 1133 1832 νεωστὶ
1167 1791 1379 1841 δεσπότας

422 1860 609 1907 λαθοῦσ’
640 1865 726 1946 ἔχει
758 1879 799 1904 τι
830 1861 997 1916 κλέμμα
1028 1869 1117 1904 τῶν
1149 1861 1283 1916 αὑτης
1315 1863 1474 1917 δόμων.

422 1955 453 1978 ι.3
489 1933 669 1991 σχήματ’
702 1938 856 1986 οἴκων,
890 1931 923 1975 ὦ
955 1930 1051 1974 ποτ’
1082 1933 1276 1987 εὐτυχεῖς
1310 1934 1459 2005 δόμοι,

424 2005 456 2049 ὦ
489 2004 653 2049 πλεῖστ’
686 2007 797 2060 ε”χων
828 2005 1039 2047 κάλλιστα
1071 2004 1386 2046 κεύτεκνώτατε
1698 2016 1767 2047 620

363 2200 430 2231 598
464 2193 641 2240 Bac-'mstop'
678 2204 746 2228 ree.
783 2197 786 2235 1
823 2192 920 2228 ἐστιν
952 2194 987 2228 Β
1109 2196 1295 2227 599-602
1329 2192 1428 2227 delet
1467 2192 1721 2237 Sakorraphos

245 2256 312 2285 600
339 2263 379 2296 γε
412 2248 535 2293 μέντοι
563 2248 643 2283 BG
674 2259 757 2281 cum
789 2246 900 2281 schol.
929 2246 1034 2280 Hom.
1063 2245 1128 2280 Od.
1158 2261 1177 2291 γ
1203 2247 1264 2292 43]
1293 2259 1429 2281 *um*
1458 2247 1492 2280 L
1518 2259 1557 2291 γε
1583 2259 1639 2281 τοι
1664 2247 1705 2281 Ε
1728 2258 1768 2292 γε

244 2319 298 2340 τοι
325 2318 359 2338 τι
385 2306 419 2338 „1
430 2304 473 2338 al
505 2301 571 2346 μέν
603 2315 636 2335 τι
663 2300 794 2345 Georg.
822 2300 1067 2344 Pachymeres
1093 2312 1126 2344 p.
1151 2302 1216 2333 171
1245 2299 1300 2334 ed.
1327 2298 1444 2334 Boiss.
1481 2300 1484 2345 Ι
1519 2305 1708 2345 τραφῆναι
1733 2300 1768 2334 L

244 2371 327 2393 cum
354 2357 485 2402 Georg.
512 2355 707 2399 Pachym.,
734 2355 779 2388 cf.
806 2354 908 2388 Eust.
936 2353 975 2387 in
1000 2352 1040 2387 ΙΙ,
1068 2365 1104 2397 p.
1126 2356 1192 2387 519
1310 2356 1374 2387 601
1403 2351 1522 2396 μάθοι
1548 2354 1584 2388 Β
1700 2356 1767 2387 602

244 2410 321 2447 οἶδε
360 2411 439 2446 BL
479 2412 483 2454 Ι
525 2411 701 2453 σταθμῶν
740 2407 962 2451 Wakefield]
1011 2405 1145 2450 μαθών
1183 2405 1287 2450 libri,
1330 2412 1469 2450 μετρῶν
1508 2405 1664 2450 Porson,
1704 2405 1767 2441 cfr.

244 2466 376 2510 fragm.
405 2467 472 2498 376
493 2462 538 2497 N.
637 2465 704 2496 603
732 2459 919 2502 ἐτόξευσεν
945 2460 994 2506 L]
1023 2458 1183 2501 ἐτόξευσε
1212 2471 1229 2494 r
1326 2463 1393 2493 605
1420 2458 1595 2503 θιγάνειν
1614 2461 1649 2494 A
1677 2470 1765 2493 corr.

246 2519 298 2553 ⁴1²
321 2522 325 2562 Ι
348 2530 409 2562 μοι
436 2516 523 2561 rec]
557 2528 626 2559 μου
652 2516 722 2549 vet.
749 2513 837 2548 libri
863 2516 946 2558 (om.
976 2514 1009 2547 L
1035 2513 1118 2548 add.
1147 2514 1172 2557 I)
1269 2516 1337 2547 606
1364 2512 1403 2547 ἔν
1428 2513 1500 2559 τοι]
1528 2512 1567 2547 ἐν
1593 2511 1662 2558 γὰρ
1689 2513 1767 2547 BL

246 2586 298 2616 γρ.
332 2571 395 2604 καὶ
431 2569 470 2604 ἔν
495 2582 551 2603 τοι
577 2578 754 2612 superscr.
784 2568 838 2602 Β1
865 2566 1007 2601 scholia
1032 2565 1196 2601 scribens
1319 2569 1384 2600 607
1411 2565 1482 2600 Dio
1509 2565 1693 2610 chrysost.
1722 2570 1766 2600 32

245 2637 279 2669 p.
307 2628 392 2658 445:
432 2624 480 2663 ὡς
511 2628 584 2657 τῶν
616 2627 787 2665 κωμικῶν
818 2620 888 2665 ἔφη
921 2634 975 2660 τις
1006 2619 1065 2654 ἐπὶ
1096 2625 1174 2661 τοῖς
1198 2620 1396 2659 τοιούτοις·
1437 2618 1638 2659 ἀκόλαστος
1664 2618 1768 2664 ὄχλος

250 2677 401 2720 ναυτική
432 2675 465 2711 τ’
490 2673 653 2718 ἀταξία
776 2678 843 2708 609
870 2679 997 2719 τεῦχος
1029 2674 1066 2719 α]
1099 2686 1231 2714 umes
1257 2675 1292 2708 A
1324 2673 1458 2718 τᾶγγος
1489 2672 1559 2717 (vel
1583 2670 1618 2706 τ’
1641 2671 1766 2717 ἄγγος)

247 2731 436 2766 ELA²a³
460 2730 599 2775 τῶγγος
627 2729 660 2764 Cr'
682 2730 686 2774 Ι
709 2727 834 2771 λάτρι*
864 2729 898 2762 Β
1012 2731 1079 2760 010
1106 2726 1234 2772 βάψασ
1260 2728 1294 2760 Α
1305 2738 1327 2760 α
1353 2736 1443 2760 corr.
1470 2725 1510 2759 ιι3
1532 2727 1536 2769 Ι
1560 2724 1705 2770 ἔνεγκαι
1733 2724 1766 2759 G

317 2788 384 2818 613
418 2782 528 2826 ἀξίαν
560 2783 627 2817 (ιο
661 2782 665 2828 Ι
700 2780 837 2827 πόθεν]
875 2795 929 2826 γρ.
970 2781 1032 2814 καὶ
1069 2786 1192 2825 τυχεῖν
1224 2781 1275 2814 A¹
1315 2779 1352 2813 in
1388 2790 1503 2824 marg.
1537 2791 1602 2814 scr.
1636 2780 1763 2813 atram.

248 2837 471 2871 scholiorum
593 2839 660 2869 616
687 2841 758 2870 τῶν
785 2836 864 2869 ΑΒ
897 2832 932 2868 δ’
958 2846 1036 2878 sup.
1068 2848 1085 2868 ν
1113 2833 1196 2868 add.
1225 2835 1244 2868 b
1366 2836 1432 2867 617
1459 2831 1645 2877 ναίουσιν]
1670 2830 1766 2865 θάσ-

248 2902 346 2924 σουσι
357 2904 374 2924 ν
402 2892 436 2924 Β
546 2893 614 2923 618
640 2889 753 2933 αὐτῆς
778 2888 865 2922 libri
976 2892 1042 2922 620
1070 2887 1257 2932 κάλλιστοι]
1284 2884 1442 2921 κάλλιστ’
1468 2886 1502 2920 L
1534 2884 1659 2919 κάλλι*
1687 2887 1766 2929 (στα

249 2955 326 2988 sup.
355 2956 367 2977 ι
392 2942 506 2978 minio
533 2944 615 2987 scr.)
641 2943 681 2976 E
714 2947 717 2985 Ι
752 2940 786 2976 κ’
812 2942 947 2978 ᾼαΕ1
974 2941 1026 2987 (in
1052 2943 1137 2985 rasj)
1165 2955 1182 2974 *
1212 2941 1262 2986 B]
1290 2938 1325 2974 δ’
1354 2939 1463 2975 Ga²b
1490 2949 1558 2973 om.
1586 2938 1620 2972 L
1643 2939 1647 2982 Ι
1670 2937 1764 2972 εὐτε-
