1929 3208
804 156 889 189 IszN
1554 151 1609 194 ‘29

295 267 370 319 ζῆν
402 263 456 306 ἂν
487 262 665 318 θέλοιμι
697 266 864 317 μᾶλλον
895 262 921 317 ἣ
953 262 1172 315 τύραννος
1204 262 1280 315 ὥν,

295 329 328 392 ᾧ
362 336 466 385 τοὺς
497 335 721 389 πονηροὺς
752 333 891 387 ἡδονὴ
924 335 1084 387 φίλους
1116 335 1245 387 ἔχειν,

296 406 487 455 ἐσθλοὺς
519 403 566 447 δὲ
600 412 721 460 μισεῖ
747 408 989 446 κατθανεῖν
1021 404 1313 458 φοβούμενος.

295 481 431 526 εἴποις
463 476 517 518 ἂν
550 476 608 526 ὡς
640 476 662 517 ὁ
697 476 858 531 χρυσὸς
890 475 1040 530 ε’κνικᾷ
1072 474 1189 527 τάδε,

294 551 502 590 πλουτεῖν
534 563 578 588 τε
610 548 817 601 τερπνόν·
850 546 904 587 οὐ
937 549 1051 599 φιλῶ
1084 547 1252 598 ψόγους
1283 547 1434 588 κλύειν
1541 559 1608 589 630

294 619 343 661 ἐν
374 617 494 673 χερσὶ
528 616 680 675 σῴζων
712 618 847 670 ὄλβον
880 615 976 658 οὐδ’
1013 617 1128 671 ἔχειν
1160 618 1343 666 πόνους·

293 694 359 745 εἴη
394 687 434 731 δ’
470 691 616 744 ἔμοιγε
649 686 800 743 μέτρια
833 688 889 742 μὴ
922 686 1196 744 λυπουμένῳ.

295 761 320 803 ἃ
353 757 394 803 δ’
431 757 586 802 ἐνθάδ’
622 755 742 813 εἶχον
774 756 905 812 ἀγάθ’
941 759 1136 800 ἄκουσόν
1168 774 1268 812 μου,
1300 759 1453 813 πάτερ·

292 834 373 886 τὴν
406 830 619 886 φιλτάτην
652 827 732 884 μὲν
764 836 938 884 πρῶτον
971 829 1228 883 ἀνθρώποις
1259 830 1424 884 σχολὴν

294 905 428 957 ὄχλον
458 917 503 943 τε
536 901 728 955 μέτριον,
763 899 872 942 οὐδέ
900 898 944 955 μ’
982 899 1173 953 ἐξέπληξ’
1212 900 1322 943 ὁδοῦ
1539 912 1609 943 635

292 973 485 1028 πονηρὸς
517 972 679 1021 οὐδείς·
712 978 832 1013 κεῖνο
866 968 905 1012 δ’
942 971 1022 1014 οὐκ
1055 971 1311 1026 ἀνασχετόν,

296 1048 429 1086 εἴκειν
461 1043 570 1086 ὁδοῦ
603 1045 803 1097 χαλῶντα
834 1049 926 1092 τοῖς
957 1044 1170 1085 κακίοσιν.

293 1120 415 1157 θεῶν
448 1113 487 1156 δ’
525 1113 573 1155 ἐν
605 1113 752 1168 εὐχαῖς
783 1113 809 1168 ἢ
843 1115 1043 1167 λόγοισιν
1075 1110 1101 1167 ἧ
1135 1116 1322 1169 βροτῶν,

292 1187 521 1241 ὑπηρετῶν
554 1187 801 1240 χαίρουσιν,
835 1185 888 1227 οὐ
919 1184 1174 1239 γοωμένοις.

295 1256 367 1299 καὶ
400 1259 503 1306 τοὺς
535 1254 615 1311 μὲν
647 1255 901 1310 ἐξέπεμπον,
934 1258 979 1297 οἳ
1008 1254 1048 1297 δ’
1084 1253 1192 1310 ἧκον
1226 1255 1357 1309 ξένοι,
1543 1268 1610 1297 640

297 1327 410 1370 ὥσθ’
445 1328 556 1382 ἡδὺς
588 1326 672 1369 αιέὶ
703 1328 854 1377 καινὸς
887 1327 948 1368 ὢν
980 1334 1201 1369 καινοῖσιν
1234 1324 1272 1381 ἧ.

294 1398 316 1441 ὃ
350 1396 390 1441 δ’
427 1399 581 1441 εὐκτὸν
613 1398 908 1452 ἀνθρώποισι,
940 1397 1022 1440 κᾶν
1055 1399 1240 1440 ἄκουσιν
1271 1392 1319 1454 ᾗ,

295 1471 467 1512 δίκαιον
500 1466 618 1512 εἷναί
645 1467 689 1524 μ’
727 1469 749 1511 ὁ
782 1471 916 1524 νόμος
947 1468 973 1523 ἡ
1007 1470 1140 1524 φύσις
1172 1468 1218 1510 θ’
1256 1469 1342 1524 ἅμα

294 1549 472 1596 παρεῖχε
504 1546 563 1598 τςό
596 1545 703 1597 θεῷ.
759 1546 894 1582 ταῦτα
927 1541 1258 1595 συννοούμενος

293 1615 480 1667 κρείσσω
515 1614 675 1666 νομίζω
708 1610 893 1653 τάνθάδ’
933 1610 958 1665 ἢ
991 1612 1125 1666 τάκεῖ,
1157 1612 1303 1666 πάτερ.
1541 1623 1607 1654 645

293 1685 341 1725 ε”α
375 1681 414 1725 δ’
452 1681 516 1738 ἔμ’
555 1683 692 1724 αὐτοῦ
725 1685 818 1737 ζῆν·
852 1687 923 1737 ἴση
956 1683 1039 1736 γὰρ
1072 1682 1098 1736 ἡ
1132 1683 1269 1738 χάρις,

293 1754 521 1809 μεγάλοισι
552 1756 722 1809 χαίρειν
755 1754 914 1809 σμικρά
947 1750 991 1795 θ’
1028 1753 1169 1807 ἡδέως
1201 1756 1328 1809 ἔχειν.

81 1828 171 1867 ΧΟ.
293 1829 435 1875 καλῶς
467 1825 626 1879 ἔλεξας,
658 1829 779 1881 εἴπερ
812 1824 889 1874 οὓς
921 1824 1005 1878 ἐγὼ
1038 1828 1153 1880 φιλῶ

293 1896 342 1938 ἐν
371 1903 486 1938 τοῖσι
520 1903 666 1938 σοῖσιν
699 1896 1021 1951 εὐτυχήσουσιν
1055 1897 1213 1950 λόγοις.

80 1967 208 2014 ΞΟΤ.
288 1973 452 2009 παῦσαι
486 1969 631 2021 λόγων
663 1964 812 2019 τῶνδ’,
847 1968 1047 2022 εὐτυχεῖν
1081 1966 1119 2008 δ’
1159 1967 1383 2009 ἐπίστασο·
1542 1978 1609 2008 650

295 2038 415 2080 θέλω
447 2039 530 2093 γὰρ
564 2035 699 2092 οὗπέρ
733 2037 773 2079 σ’
807 2035 948 2093 ηὗρον
980 2038 1213 2093 ἄρξασθαι,
1246 2038 1418 2091 τέκνον,

295 2115 447 2163 κοινῆς
478 2108 689 2163 τραπέζης
721 2110 848 2151 δαῖτα
880 2110 988 2163 πρὸς
1020 2110 1176 2164 κοινὴν
1206 2110 1366 2163 πεσών,

293 2183 437 2222 θῦσαί
463 2178 510 2222 θ’
549 2181 576 2221 ά
608 2191 690 2222 σου
721 2179 827 2235 πρὶν
860 2178 1052 2234 γενέθλι’
1090 2180 1170 2222 οὐκ
1202 2180 1439 2235 ἐθύσαμεν.

293 2249 365 2292 καὶ
397 2257 482 2293 νῦν
514 2250 594 2306 μὲν
627 2252 685 2301 ὡς
719 2252 772 2306 δὴ
806 2251 932 2302 ξένον
965 2252 1085 2306 ἄγων
1119 2249 1158 2293 σ’
1197 2250 1400 2307 ἐφέστιον

296 2322 514 2364 δείπνοισι
545 2321 690 2377 τέρψω
722 2328 798 2376 τῆς
830 2320 864 2363 τ’
898 2321 1150 2377 Ἀθηναίων
1182 2323 1347 2377 χθονὸς
1540 2333 1607 2363 655

176 2422 242 2452 6⁶27
265 2416 292 2453 ὦ
313 2420 389 2463 ΕΙ),
416 2415 443 2453 ὦ
465 2419 508 2463 Ρ,
535 2417 590 2459 οἷς
609 2419 790 2454 Stobaeus
866 2424 933 2454 628
955 2427 1073 2465 μισεῖν
1095 2450 1100 2454 .
1125 2449 1131 2455 .
1153 2419 1409 2467 φοβουμένους
1429 2420 1609 2454 Stobaeus

175 2476 243 2506 630
270 2471 426 2519 ψόγους]
454 2475 716 2507 commemorat
741 2473 928 2517 Bmdeau,
960 2472 1111 2518 ’ψόφους
1136 2474 1215 2508 LP
1311 2478 1378 2508 63⁴2
1405 2472 1441 2507 δ’
1473 2474 1608 2520 ἔμοιγε]

82 2523 242 2569 Lenting
262 2523 306 2569 (τ’
332 2525 452 2571 ἔμοιγε
466 2525 634 2571 Duport),
656 2524 688 2570 γ’
715 2525 893 2570 ἐμοὶΕΡ.
926 2527 1064 2561 Versus
1078 2529 1273 2571 suspectus
1348 2531 1415 2560 633
1437 2526 1609 2570 ἄκουσον,

81 2572 108 2610 ὦ
141 2575 255 2620 πάτερ
288 2576 470 2623 ΕΙωεΙθγ,
501 2578 584 2613 fort.
618 2577 830 2623 ἀκουστέον,
861 2579 976 2623 πάτερ
1086 2584 1154 2614 634
1187 2579 1419 2626 ἀνθρώποις]
1454 2580 1608 2623 Dobree‚

81 2629 295 2673 ἀνθρώπων
326 2631 412 2674 LP,
451 2630 638 2678 ἀνθρώπῳ
670 2631 879 2667 Wakefield
1006 2637 1073 2668 635
1112 2631 1298 2678 ἐξέπλησσ’
1340 2633 1509 2667 Badham

177 2686 245 2717 638
271 2681 433 2728 λόγοισιν
458 2679 496 2730 ἧ]
523 2684 736 2729 Musgrave‚
769 2684 910 2730 γόοισιν
935 2685 957 2731 ἢ
983 2687 1063 2721 LP
1139 2690 1204 2721 641
1233 2686 1362 2725 καινὸς
1387 2686 1471 2730 Lp,
1504 2686 1610 2726 κενὸς

83 2736 118 2769 P
137 2739 141 2781 Ι
163 2731 202 2782 ἧ]
233 2731 280 2780 ἧν
306 2736 386 2770 LP
479 2741 547 2772 646
574 2736 629 2781 ἔμ’
666 2739 797 2784 αὐτοῦ]
829 2739 1014 2783 Badham‚
1048 2740 1191 2784 ἐμαυτῶ
1218 2740 1297 2773 LP
1390 2744 1457 2774 649
1488 2738 1610 2784 φίλοις

82 2800 258 2834 superser.
286 2803 338 2834 γρ.
367 2788 487 2835 λόγοις
513 2791 563 2834 L,
597 2788 718 2835 φίλοις
744 2791 780 2825 Ρ
897 2796 965 2826 650
992 2794 1172 2838 εὐτυχεῖν]
1205 2793 1288 2826 fort.
1323 2793 1512 2836 εὐστομεῖν

82 2846 244 2877 651—53
270 2845 355 2887 post
381 2846 448 2877 665
475 2843 633 2878 collocat
658 2843 814 2879 Kviffiala
887 2849 953 2878 651
981 2844 1079 2880 θέλω
1106 2847 1151 2887 L,
1179 2845 1298 2879 ἐλθὼν
1320 2846 1378 2892 ΡΙ
1402 2843 1511 2889 εὗρον
1532 2847 1612 2881 LP

177 2899 244 2930 655
270 2894 322 2941 τ’]
350 2895 490 2940 scripsi,
516 2895 553 2930 δ’
584 2897 686 2941 ΕΡ]
709 2897 863 2943 χθονὸς]
889 2896 1027 2938 πόλεως
1052 2898 1185 2932 Nauck
