1929 3208
607 115 875 148 ΕΥΡΙΠΙΔΟΥ
902 116 1149 147 ΑΛΚῘΙΣἹῚΣ
1640 116 1660 154 ἶ

309 222 457 276 μέλλει
490 222 706 272 κατάξειν·
740 222 983 275 σύμμετρος
1017 222 1057 263 δ’
1091 222 1287 275 ἀᾳίκετο,

312 300 525 348 φρουρῶν
558 293 650 334 τόδ’
682 290 796 346 ἦμαρ
828 287 862 349 ᾦ
894 297 1055 334 θανεῖν
1088 294 1227 346 αὐτὴν
1259 293 1411 347 χρεών.

324 504 335 508 ,
383 504 393 507 ἱ
758 458 996 489 ΘΑΝΑΤΟΣ.

313 523 338 547 α
371 518 413 547 α·

312 579 354 618 τί
384 579 439 618 σὺ
472 578 581 630 πρὸς
612 577 868 631 μελάθροις;
901 578 944 617 τί
975 578 1029 617 σὺ
1063 578 1165 631 τῇδε
1199 580 1366 629 πολεῖς,

316 647 462 701 Φοῖβ’;
497 647 661 696 ἀδικεῖς
693 644 747 688 αὖ
782 648 904 700 τιμὰς
937 646 1102 700 ἐνέρων
1619 658 1662 687 30

311 718 628 773 ἀφοριζόμενος
658 718 730 759 καὶ
762 717 1037 759 καταπαύων.

311 787 391 830 οὐκ
422 788 582 842 ἤρκεσέ
612 800 681 830 σοι
713 790 852 841 μόρον
878 787 1088 841 Ἀδμήτου

311 861 594 913 διακωλῦσαι,
628 860 804 912 Μοίρας
835 860 969 915 δολίῳ

311 933 530 985 σφήλαντι
563 930 710 988 τέχνῃ;
743 936 828 972 νῦν
861 930 901 970 δ’
934 929 1005 972 ἐπὶ
1037 930 1133 984 τῇδ’
1167 926 1221 970 αὗ

312 1002 416 1056 χέρα
448 1001 606 1056 τοξήρη
640 1008 851 1056 φρουρεῑς
884 1001 1086 1055 ὁπλίσας,
1621 1013 1664 1043 35

309 1074 334 1127 ἢ
368 1073 460 1115 τόδ’
492 1072 657 1127 ὑπέστη
689 1074 822 1115 πόσιν
854 1072 1058 1114 ἐκλύουσ’

310 1145 419 1199 αὐτὴ
452 1149 700 1197 προθανεῖν
733 1145 901 1186 Πελίου
934 1150 1047 1192 παῖς.

148 1219 249 1257 ΛΠ.
311 1216 485 1268 θάρσει·
520 1215 649 1269 δίκην
681 1231 747 1257 τοι
779 1216 851 1256 καὶ
883 1216 1043 1268 λόγους
1076 1216 1261 1264 κεδνοὺς
1298 1213 1390 1269 ἔχω.

157 1290 249 1330 ΘΑ.
312 1288 356 1328 τί
387 1287 495 1340 δῆτα
527 1285 665 1336 τόξων
697 1284 843 1340 ἔργον,
877 1287 915 1327 εἰ
947 1287 1076 1340 δίκην
1109 1284 1237 1340 ἕχεις;

148 1361 248 1399 ΛΠ.
314 1359 509 1411 σύνηθες
542 1358 627 1399 αἰεὶ
659 1363 795 1398 ταῦτα
827 1357 1055 1410 βαστάζειν
1089 1356 1196 1410 ἐμοί.
1622 1368 1665 1397 40

158 1432 248 1469 ΘΑ.
312 1429 383 1469 καὶ
415 1428 565 1470 τοῖσδέ
594 1428 636 1482 γ’
669 1428 805 1477 οἴκοις
837 1427 1018 1476 ἐκδίκως
1050 1431 1368 1482 προσωφελεῖν.

150 1503 249 1541 ΑΠ.
312 1501 447 1553 φίλου
481 1500 563 1553 γὰρ
597 1499 760 1552 ἀνδρὸς
792 1505 1041 1553 συμφοραῖς
1073 1499 1335 1551 βαρύνομαι.

158 1574 250 1612 ΘΑ.
311 1570 384 1611 καὶ
417 1576 618 1624 νοσφιεῖς
650 1585 701 1622 με
733 1570 863 1611 τοῦδε
897 1569 1107 1623 δευτέρου
1141 1576 1321 1622 νεκροῦ;

149 1645 248 1683 ΑΠ.
311 1641 407 1682 ἀλλ’
441 1641 537 1683 οὐδ’
569 1640 741 1683 ἐκεῖνον
773 1642 882 1694 πρὸς
914 1642 1017 1694 βίαν
1050 1641 1090 1682 σ’
1123 1640 1380 1695 ἀφειλόμην.

159 1716 249 1753 ΘΑ.
313 1719 404 1762 πῶς
436 1708 519 1753 οὖν
550 1712 660 1765 ὑπὲρ
694 1719 772 1766 γῆς
803 1711 895 1754 ἐστι
927 1712 1007 1753 κού
1040 1712 1154 1753 κάτω
1188 1713 1371 1766 χθονός;
1621 1723 1665 1752 45

150 1787 248 1824 ΛΠ.
312 1783 495 1836 δάμαρτ’
528 1784 732 1836 ἀμείψας,
763 1783 820 1836 ἣν
852 1785 907 1824 σὺ
940 1789 1026 1824 νῦν
1058 1783 1176 1836 ἥκεις
1208 1782 1326 1835 μέτα.

158 1857 248 1895 ΘΑ.
311 1853 559 1907 κᾶπάξομαί
587 1869 636 1907 γε
668 1853 880 1908 νερτέραν
912 1854 998 1895 ὑπὸ
1031 1855 1187 1908 χθόνα.

149 1929 248 1966 ΑΠ.
312 1925 461 1978 λαβὼν
493 1924 575 1966 ἴθ’·
610 1925 663 1966 οὐ
696 1926 779 1978 γὰρ
813 1921 897 1967 οἶδ’
931 1924 985 1966 ἂν
1019 1926 1056 1965 εἰ
1091 1926 1291 1977 πείσαιμί
1322 1936 1379 1965 σε.

158 1997 250 2037 ΘΛ.
314 1997 502 2037 κτείνειν
534 1995 575 2049 γ’
608 1995 660 2037 ὃν
693 1995 748 2037 ἂν
780 2003 880 2051 χρῇς
912 2002 1043 2037 τοῦτο
1077 1997 1159 2049 γὰρ
1194 1995 1450 2049 τετάγμεθα.

151 2070 247 2107 ΛΠ.
311 2067 406 2120 οὔκ,
439 2066 549 2108 ἀλλὰ
580 2073 672 2116 τοῖς
702 2066 912 2120 μέλλουσι
943 2066 1143 2108 θάνατον
1180 2066 1404 2119 ἀμβαλεῖν.
1622 2076 1665 2106 50

159 2141 249 2178 ΘΑ.
313 2135 394 2192 ἔχω
429 2138 564 2191 λόγον
596 2138 650 2192 δὴ
683 2138 755 2179 καὶ
786 2140 1045 2191 προθυμίαν
1078 2135 1225 2179 σέθεν.

150 2212 248 2249 ΑΠ.
312 2205 400 2250 ἔστ’
432 2204 515 2249 οὖν
547 2209 663 2258 ὅπως
684 2207 914 2263 ’Ἁλκηστις
945 2208 989 2258 ἐς
1021 2215 1157 2262 γῆρας
1188 2210 1332 2261 μόλοις

161 2363 204 2393 26
233 2361 433 2404 σύμμετρος
459 2362 506 2404 P]
535 2360 744 2405 συμμέτρως
769 2373 788 2394 ’ν
910 2365 952 2394 27
985 2357 1078 2405 ἧμαρ
1106 2363 1154 2405 L]
1186 2359 1279 2405 ἦμαρ
1307 2373 1323 2394 1·
1432 2366 1474 2392 2.·-4
1505 2362 1663 2394 &ANA-

105 2432 222 2474 ΤΟΣ]
249 2416 293 2476 Ξῖ)
322 2431 358 2475 (i.
387 2442 416 2465 e.
444 2431 579 2475 χάρων)
607 2432 642 2466 P
677 2432 807 2466 eadem
835 2433 923 2466 nota
948 2444 979 2466 v.
1007 2436 1062 2466 43.
1091 2437 1136 2466 45
1164 2434 1245 2475 etc„
1278 2434 1367 2467 nota
1393 2418 1447 2465 θα
1475 2431 1512 2474 (i.
1535 2442 1564 2464 θ.
1591 2430 1665 2464 θά-

101 2479 224 2522 νατος)
251 2489 280 2512 v.
309 2481 363 2512 39.
393 2482 435 2512 72¹
463 2479 627 2522 praefixa
654 2479 693 2512 in
718 2480 755 2514 P
786 2481 791 2522 Ι
826 2476 849 2514 ἆ
877 2477 898 2513 ἆ
925 2480 959 2514 L
996 2477 1017 2513 (ἶ
1045 2477 1068 2514 ἆ
1096 2475 1120 2513 ἆ
1147 2477 1168 2513 (ἶ
1197 2481 1208 2513 l
1334 2482 1376 2512 29
1406 2480 1448 2512 σὶ·
1475 2476 1580 2521 πρὸς]
1609 2489 1665 2512 σοι

101 2522 193 2567 πρὸς
219 2525 254 2559 Β
329 2529 371 2559 31
400 2537 470 2561 om.
498 2527 534 2561 P
556 2527 708 2560 damnat
733 2525 867 2561 Nauck
901 2531 905 2565 Ι
938 2527 1221 2572 ἀφοριζόμενος]
1249 2527 1331 2560 fort.
1361 2525 1619 2569 νοσφιζόμενος

103 2575 147 2605 33
174 2574 402 2608 διακωλῦσαι
421 2574 519 2617 Pla]
547 2574 776 2609 διακωλύσαι
795 2585 815 2608 r
890 2577 934 2609 36
962 2574 1131 2609 ἐκλύουσ’
1161 2574 1307 2617 scripsi]
1335 2572 1502 2608 ἐκλύσαὸ
1531 2572 1617 2606 libri

103 2622 146 2652 37
174 2617 268 2661 αὐτὴ
294 2622 332 2663 a]
359 2618 476 2663 αὐτὴν
501 2632 520 2655 r
605 2624 650 2655 38
675 2622 747 2667 τοι]
774 2634 811 2656 τε
837 2621 866 2656 S
936 2625 982 2655 40
1008 2623 1082 2657 αἰεὶ
1110 2623 1159 2665 L]
1187 2622 1244 2656 ἀεὶ
1270 2633 1289 2655 -ν
1371 2624 1412 2654 41
1444 2618 1597 2659 ἐκδίκως
1625 2620 1663 2664 S]

103 2665 258 2707 ἐνδίκως
285 2678 302 2700 ν
422 2672 467 2701 44
503 2666 589 2713 βίαν
615 2669 717 2712 Bal]
756 2667 819 2714 βία
844 2669 873 2702 S
991 2673 1036 2703 45
1063 2668 1183 2712 ἕστηκ’
1212 2669 1255 2703 οὐ
1282 2669 1318 2703 Β
1357 2678 1446 2701 corr.
1475 2668 1494 2701 b
1529 2670 1533 2710 Ι
1568 2666 1666 2701 κατὰ

102 2713 240 2759 χθονός
278 2715 314 2748 Ρ
408 2718 452 2748 46
491 2714 580 2758 μέτα
618 2715 697 2761 La]
742 2715 832 2760 μετά
869 2727 888 2750 r
985 2720 1028 2750 47
1069 2714 1246 2759 νερτέρων
1273 2716 1338 2759 ΡΙ]
1384 2714 1561 2757 νερτέρων
1599 2727 1618 2748 r

102 2764 147 2794 48
184 2759 347 2805 πείσοιμι
385 2762 421 2796 Β
518 2765 562 2796 49
589 2763 620 2806 γ’
647 2760 690 2796 ὃν
715 2763 769 2808 Β[
807 2761 850 2798 ὃν
874 2774 894 2797 r
934 2763 939 2809 Ι
978 2769 1047 2808 χρῇ
1075 2763 1115 2797 G.
1139 2763 1181 2797 H.
1206 2763 1394 2805 Schaefer]
1428 2761 1496 2806 χρὴ
1533 2761 1617 2795 libri

103 2811 147 2841 50
174 2808 264 2843 ἄλλα
290 2809 326 2843 Β
349 2810 354 2852 Ι
377 2809 557 2854 ἀμβαλεῖν
583 2809 756 2854 Bursian]
783 2809 955 2855 ἐμβαλεῖν
981 2810 1065 2844 libri
1174 2814 1212 2843 51
1246 2810 1328 2843 fort.
1357 2809 1487 2853 λόγους
1514 2811 1667 2852 propter

102 2867 133 2888 v.
163 2858 205 2889 38
240 2858 245 2898 Ι
281 2854 341 2900 δὴ]
369 2869 405 2900 γε
433 2857 460 2890 S
556 2860 599 2890 52
626 2857 663 2896 ἐς
689 2858 729 2900 ις’]
756 2857 808 2897 εἰς
834 2870 853 2892 r
