1929 3208
697 107 942 140 ΑΛΚΗΣΉΣ
1550 107 1602 148 13

254 215 625 272 ὀφθαλμοτέγκτῳ
658 216 830 257 δεύεται
862 214 1146 268 πλημμυρίδι.

254 286 346 329 ἐπεὶ
379 287 427 329 δὲ
459 290 636 328 πολλῶν
669 286 874 340 δακρύων
905 281 1021 339 εἶχεν
1053 287 1202 337 κόρον,
1538 294 1603 326 185

255 359 413 412 στείχει
445 359 682 412 προνωπὴς
714 356 958 399 ἐκπεσοῦσα
991 356 1182 409 δεμνίων

252 429 324 470 καὶ
356 429 496 470 πολλὰ
526 428 742 481 θαλάμων
774 426 935 477 ἐξιοῦσ’
967 425 1217 480 ἐπεστράφη

253 501 469 554 κᾶρριψεν
502 499 641 554 αὑτὴν
673 495 807 548 αὖθις
839 498 882 548 ἐς
914 499 1068 552 κοίτην
1099 499 1241 540 πάλιν.

253 571 406 620 παῖδες
438 571 487 612 δὲ
518 570 697 612 πέπλων
729 571 890 624 μητρὸς
922 568 1202 624 ἐξηρτημένοι

254 640 446 683 ἔκλαιον·
482 643 503 695 ἣ
537 642 585 683 δὲ
618 641 889 694 λαμβάνουσ’
922 639 970 682 ἐν
1002 640 1210 694 ἀγκάλαις
1540 650 1605 682 190

254 712 452 766 ἠσπάζετ’
484 712 630 754 ἄλλοτ’
663 713 798 753 ἄλλον
830 712 887 760 ὡς
918 710 1188 764 θανουμένη.

255 784 414 832 πάντες
445 783 486 824 δ’
520 781 696 824 ἔκλαιον
728 782 895 824 οἰκέται
927 783 1034 823 κατὰ
1067 781 1221 835 στέγας

255 854 495 896 δέσποιναν
528 855 828 907 οἰκτείροντες.
890 853 915 907 ἢ
950 853 998 894 δὲ
1030 852 1179 902 δεξιὰν

253 925 477 979 προύτειν’
510 924 675 981 ἑκάστῳ
706 924 855 973 κοῦτις
886 921 941 978 ἦν
974 923 1088 965 οὕτω
1121 924 1252 972 κακὸς

254 996 307 1038 ὃν
341 997 393 1038 οὐ
425 1002 636 1050 προσεῖπε
667 995 739 1037 καὶ
773 998 1059 1050 προσερρήθη
1091 995 1238 1036 πάλιν.
1540 1006 1606 1036 195

254 1067 419 1109 τοιαῦτ’
451 1066 500 1109 ἐν
533 1067 669 1116 οἴκοις
701 1065 822 1108 ἐστὶν
852 1067 1065 1120 Ἀδμήτου
1098 1066 1219 1108 κακά.

254 1139 325 1180 καὶ
358 1139 594 1180 κατθανών
627 1138 667 1191 γ’
700 1137 755 1179 ἂν
787 1136 925 1194 ᾤχετ’,
957 1137 1166 1191 ἐκφυγὼν
1199 1137 1238 1179 δ’
1272 1135 1358 1191 ἔχει

255 1216 469 1251 τοσοῦτον
502 1210 654 1263 ἄλγος,
687 1209 851 1250 οὔποθ’
884 1205 936 1250 οὗ
971 1211 1207 1263 λελήσεται.

100 1283 190 1322 ΧΟ.
253 1278 278 1334 ἧ
312 1294 398 1321 που
433 1280 624 1331 στενάζει
656 1280 814 1322 τοισίδ’
848 1278 1064 1334 ’Ἄδμητος
1095 1286 1263 1333 κακοῖς,

255 1352 418 1406 ἐσθλῆς
449 1352 658 1405 γυναικὸς
690 1352 728 1392 εἰ
761 1352 1036 1406 στερηθῆναί
1065 1362 1150 1405 σφε
1181 1354 1281 1405 χρή;
1541 1361 1608 1393 200

105 1426 192 1464 ΘΕ.
256 1424 395 1464 κλαίει
427 1423 468 1475 γ’
501 1423 669 1464 ἄκοιτιν
702 1422 750 1464 ἐν
782 1428 932 1477 χεροῖν
965 1423 1102 1476 φίλην
1134 1420 1246 1476 ἔχων

256 1494 327 1534 καὶ
359 1494 415 1547 μὴ
449 1494 696 1547 προδοῦναι
728 1494 936 1546 λίσσεται,
968 1493 1194 1547 τάμήχανα

256 1571 409 1618 ζητῶν
445 1565 601 1618 φθίνει
633 1565 716 1618 γὰρ
749 1564 821 1605 καὶ
853 1565 1110 1618 μαραίνεται
1142 1565 1270 1620 νόσῳ.

256 1635 494 1689 παρειμένη
528 1634 590 1687 δέ,
621 1636 765 1689 χειρὸς
798 1635 960 1676 ἄθλιον
991 1634 1128 1689 βάρος

256 1801 370 1854 ὅμως
403 1801 451 1843 δὲ
482 1802 638 1855 καίπερ
672 1802 857 1854 σμικρὸν
888 1799 1125 1854 ἐμπνέουσ’
1158 1799 1221 1842 ἔτι
1541 1812 1609 1843 205

256 1871 414 1925 βλέψαι
446 1873 556 1927 πρὸς
588 1872 725 1926 αὐγὰς
757 1873 963 1926 βούλεται
994 1874 1071 1922 τὰς
1101 1873 1245 1926 ἡλίου·

257 1942 334 1997 [ὡς
367 1943 519 1985 οὔποτ’
552 1939 706 1997 αὖθις,
738 1943 848 1985 ἀλλὰ
879 1950 965 1985 νῦν
995 1944 1278 1985 πανύστατον

257 2014 412 2055 ἀκτῖνα
443 2014 607 2055 κύκλον
639 2014 688 2056 θ’
719 2015 848 2068 ἡλίου
881 2014 1181 2068 προσόψεται]

258 2084 353 2126 ἀλλ’
386 2081 474 2138 εἶμι
505 2085 577 2126 καὶ
609 2086 692 2139 σὴν
723 2084 893 2139 ἀγγελῶ
925 2087 1191 2139 παρουσίαν·

259 2156 310 2197 οὐ
345 2156 427 2209 γάρ
460 2171 500 2196 τι
533 2156 692 2205 πάντες
724 2152 772 2197 εὗ
807 2162 1027 2210 φρονοῦσι
1058 2157 1299 2210 κοιράνοις,
1544 2170 1610 2199 210

47 2331 226 2376 Elmsley]
253 2339 529 2375 προσπιτνοῠσα
556 2334 627 2368 BS
652 2336 682 2375 (τ
710 2345 753 2367 ex
780 2346 804 2367 π
831 2343 921 2367 corr.
949 2333 1014 2375 ΙΝ)
1043 2332 1323 2376 προσπίπτουσα
1349 2346 1371 2367 ιι
1450 2337 1513 2366 184
1544 2332 1611 2376 ὀφ-

46 2378 312 2424 θαλμοτέγκτω
339 2378 436 2423 Pa³]
472 2379 764 2427 ὁφθαλμοτέκτῳ
790 2392 809 2415 ν
849 2384 852 2422 Ι
895 2381 1020 2415 δεύετο
1064 2382 1092 2415 S
1135 2380 1189 2422 (in
1227 2381 1263 2415 P
1304 2392 1383 2423 sup.
1423 2393 1441 2414 ο
1480 2383 1564 2421 ras.)

49 2430 115 2462 185
143 2424 239 2472 εἶχεν
265 2414 437 2470 s‘(LP¹>]
464 2424 538 2472 εἶχε
566 2439 582 2461 r
621 2426 724 2472 ἔσχεν
752 2427 860 2462 Earle
954 2430 1020 2462 186
1046 2426 1238 2471 πνονωνὴς
1264 2428 1300 2462 Β
1338 2441 1409 2470 προ
1437 2439 1515 2471 sup.
1543 2439 1611 2461 πνο

48 2485 114 2508 scr.
144 2475 163 2509 b
263 2476 329 2508 187
357 2474 538 2518 θαλάμων
564 2474 711 2517 Nauck]
738 2474 914 2519 θάλαμον
939 2474 1027 2510 libri
1135 2477 1202 2510 188
1229 2474 1346 2517 αὑτὴν
1373 2475 1422 2518 L]
1450 2474 1568 2517 αὐτὴν
1596 2486 1613 2508 r

99 2524 164 2555 190
193 2521 231 2555 ἐν
259 2520 438 2565 ἀγκάλαις
464 2522 510 2565 S]
538 2523 575 2562 ἐς
600 2522 763 2566 ἀγκάλας
787 2534 807 2557 r
882 2525 949 2556 194
975 2521 1136 2566 πρότειν’
1164 2523 1201 2557 Β
1286 2526 1351 2556 197
1380 2523 1410 2567 γ’
1437 2522 1492 2556 ed.
1523 2521 1612 2555 Her-

49 2568 209 2613 vagia-na
235 2567 414 2612 secunda]
441 2569 472 2603 τ’
499 2568 587 2603 libri
609 2571 614 2613 1
637 2568 739 2616 ᾤχετ’
765 2568 803 2603 F.
827 2568 924 2603 Guil.
947 2568 1131 2615 Schmidt]
1158 2568 1259 2604 ὤλετ’
1286 2569 1371 2603 libri
1404 2571 1409 2612 Ι
1444 2568 1612 2612 ἐκφυγών

49 2617 79 2650 τ’
107 2616 143 2650 Ρ
241 2617 307 2649 198
334 2615 471 2651 οὔποθ’
497 2614 541 2651 οὗ
567 2615 716 2660 Nauck]
743 2617 870 2652 οὔποτ’
898 2615 944 2651 οὔ
971 2617 1035 2652 La
1075 2615 1118 2652 οὗ
1143 2617 1228 2651 ποτ’
1255 2615 1299 2650 οὐ
1327 2617 1419 2651 BL¹
1460 2615 1502 2652 οὗ
1530 2616 1613 2650 ποτ’

48 2663 91 2697 οὐ
117 2663 158 2697 ιι2
196 2660 329 2698 Simon
356 2663 392 2697 Ρ
419 2667 431 2705 f
460 2660 608 2706 λήσεται
634 2664 668 2698 L
703 2666 708 2707 Ι
744 2664 871 2699 ὁῦποτ’
897 2661 1128 2708 ἐκλελήσεται
1154 2663 1311 2706 Aldina,
1336 2663 1435 2697 unde
1461 2661 1503 2698 οὗ
1530 2663 1613 2698 πότ’

49 2709 298 2753 ἐκλελήσεταις
325 2708 519 2745 Blomfield
619 2713 685 2745 199
712 2709 862 2755 τοισίδ’]
890 2712 1023 2747 τοῖσιδ’
1048 2711 1116 2746 Βα
1153 2717 1269 2746 τοῖσιν
1296 2712 1323 2745 S
1419 2713 1486 2744 200
1513 2711 1547 2744 εἰ
1572 2711 1612 2753 S]

49 2754 92 2799 ἧς
117 2756 205 2792 Ba²
242 2754 280 2800 ἧι
306 2768 330 2792 α
368 2758 373 2800 Ι
416 2767 483 2801 σφε
511 2757 581 2800 Sa]
621 2769 661 2802 γε
688 2759 723 2793 Β
845 2760 932 2802 post
969 2761 1036 2793 204
1075 2769 1221 2793 versum
1254 2757 1435 2792 excidisse
1469 2758 1614 2792 monuit

50 2803 213 2849 Elmsley
293 2807 372 2839 207.
400 2806 468 2838 208
495 2814 540 2839 ex
564 2804 705 2839 Heeub.
733 2810 812 2840 411.
842 2809 884 2840 12
909 2806 981 2840 huc
1008 2805 1106 2840 male
1133 2806 1297 2841 invectos
1324 2815 1401 2838 esse
1428 2804 1614 2840 intellexit

51 2850 284 2886 Valckenaer
309 2850 442 2896 (solum
468 2863 499 2885 v.
521 2855 589 2885 208
617 2852 705 2887 eicit
730 2852 957 2895 Lachmann)

122 2923 350 2953 Euripides:
370 2922 511 2949 AJcestis.
543 2923 598 2949 Ed.
613 2923 669 2950 111.
1309 2927 1328 2956 2
