1929 3208
617 597 730 646 Ὑπό
737 600 875 652 θεσις
903 597 1116 660 Ἑκάβης.

230 741 356 782 Μετὰ
388 741 468 794 τὴν
492 739 621 781 Ἰλίου
653 741 912 792 πολιορκίαν
945 739 990 780 οἱ
1018 737 1097 792 μὲν
1119 738 1326 793 ’Έλληνες
1359 741 1418 789 εἰς
1449 740 1529 794 τὴν
1557 739 1631 781 ἀν-

107 811 289 865 τιπέραν
327 812 532 868 Τρῳάδος
565 811 848 864 Χερρόνησον
885 812 1290 864 καθωρμίσθησαν,
1323 808 1543 864 Ἀχιλλεὺς
1578 809 1630 852 δὲ

109 882 267 931 νυκτὸς
307 880 485 936 ὁραθεὶς
524 887 747 934 σφαγῆναι
786 881 912 934 ἠξίου
950 882 1054 934 μιάν
1085 889 1173 923 τῶν
1207 881 1414 935 Πριάμου
1445 880 1632 935 θυγατέ-

109 968 212 1007 ρων.
275 953 321 994 of
360 950 440 1007 μὲν
485 949 566 994 οὖν
594 950 805 1006 ’Έλληνες
847 958 1056 1006 τιμῶντες
1096 953 1174 994 τὸν
1212 953 1333 1006 ἥρωα
1374 951 1633 1006 Πολυξένην
1659 966 1678 995 5

111 1022 442 1073 ἀποσπάσαντες
475 1021 662 1076 οΕκάβης
705 1022 998 1077 ἐσφαγιάσαν”
1050 1026 1355 1078 Πολυμήστωρ
1397 1022 1443 1065 δὲ
1483 1023 1505 1065 ὁ
1543 1032 1632 1066 τῶν

108 1096 295 1150 Θρακῶν
321 1095 528 1146 βασιλεὺς
553 1093 630 1135 ἕνα
656 1100 744 1134 τῶν
765 1094 1029 1147 Πριαμιδῶν
1053 1094 1332 1148 Πολύδωρον
1352 1093 1631 1150 κατέσφαξεν.

107 1165 279 1218 εἰλήφει
306 1161 353 1206 δὲ
379 1170 538 1206 τοῦτον
565 1165 682 1219 παρὰ
708 1170 788 1206 τοῦ
808 1165 1017 1219 Πριάμου
1044 1164 1066 1206 ὁ
1088 1167 1394 1220 Πολυμήστωρ
1416 1167 1477 1216 εἰς
1497 1181 1632 1221 παρα-

107 1237 362 1290 καταθήκην
400 1236 506 1289 μετὰ
544 1235 788 1290 χρημάτων.
852 1234 1044 1290 ἁλούσης
1081 1234 1129 1278 δὲ
1167 1242 1243 1291 τῆς
1280 1239 1466 1291 πόλεως,
1505 1253 1632 1279 κατα-

108 1313 228 1360 σχεῖν
266 1306 402 1348 αὐτοῦ
439 1308 710 1360 βουλόμενος
746 1306 824 1348 τὸν
861 1309 1053 1349 πλοῦτον
1086 1308 1294 1362 φονεύειν
1327 1309 1529 1363 ὥρμησεν
1561 1309 1631 1351 καὶ

109 1379 259 1430 φιλίας
292 1377 595 1431 δυστυχούσης
628 1377 923 1431 ὠλιγώρησεν.
973 1377 1227 1433 ἐκριφέντος
1256 1377 1304 1421 δὲ
1330 1386 1409 1421 τοῦ
1436 1381 1633 1434 σώματος

109 1449 172 1497 εἰς
203 1449 283 1501 τὴν
315 1448 562 1501 θάλασσαν,
593 1449 642 1489 τὸ
674 1449 925 1490 κλυδώνιον
950 1450 1058 1503 πρὸς
1083 1450 1160 1500 τὰς
1184 1457 1273 1492 τῶν
1298 1451 1632 1506 αἰχμαλωτίδων

109 1519 270 1573 σκηνὰς
314 1518 448 1561 αὐτὸν
494 1517 708 1573 ἐξέβαλεν.
765 1517 922 1573 Ἑκάβη
969 1517 1016 1561 δὲ
1061 1521 1139 1562 τὸν
1183 1522 1342 1576 νεκρὸν
1380 1522 1631 1576 θεασαμένη

108 1588 296 1643 ἐπέγνω,
335 1588 639 1644 κοινωσαμένη
673 1587 720 1631 δὲ
752 1590 832 1643 τὴν
864 1590 1046 1645 γνώμην
1073 1589 1389 1647 Ἀγαμέμνονι,
1425 1595 1632 1648 Πολυμή-

108 1672 242 1714 στορα
288 1663 371 1702 σὺν
414 1668 505 1710 τοῖς
548 1659 700 1702 παισὶν
738 1661 875 1702 αὐτοῦ
913 1661 972 1711 ὡς
1011 1661 1172 1716 ἑαυτὴν
1211 1662 1530 1718 μετεπέμψατο,
1576 1665 1633 1715 ὡς

107 1731 180 1772 ἵνα
206 1733 465 1787 θησαυροὺς
491 1731 538 1773 ε’ν
560 1728 672 1788 Ἰλίῳ
699 1732 872 1787 μηνύσῃ
901 1732 1038 1788 αὐτῷ·
1070 1733 1430 1788 παραγενομένου
1459 1733 1505 1777 δὲ
1530 1738 1632 1786 τοὺς

106 1799 186 1857 μὲν
223 1801 351 1851 υἱοὺς
389 1801 679 1857 κατέσφαξεν,
716 1803 852 1844 αὐτὸν
895 1801 942 1844 δὲ
981 1811 1068 1846 τῶν
1101 1804 1349 1860 ὀφθαλμῶν
1382 1806 1631 1861 ἐστέρησεν·

107 1871 178 1914 ἐπὶ
206 1870 253 1914 δὲ
279 1871 605 1927 τῶνεΕλλήνων
632 1872 822 1928 λέγουσα
848 1875 926 1916 τὸν
952 1877 1198 1931 κατήγορον
1226 1877 1443 1931 ἐνίκησεν·
1477 1877 1631 1933 ἐκρίθη

105 1944 189 1997 γὰρ
227 1944 309 1985 οὐκ
348 1944 498 1998 ἄρχειν
539 1944 777 1999 ὠμότητος,
815 1943 909 1987 ἀλλ’
946 1944 1202 2000 ἀμύνασθαι
1239 1949 1316 1989 τὸν
1348 1949 1630 2002 κατάρξαντα.

225 2072 496 2116 Argumentum
522 2072 627 2107 deest
652 2072 691 2107 in
712 2073 851 2117 ABL3
878 2073 978 2118 quod
998 2074 1151 2109 exhibui
1172 2078 1275 2110 extat-
1293 2075 1333 2110 in
1352 2077 1393 2111 E
1451 2075 1631 2117 ὑπόθεσις

106 2125 325 2167 πολυδώρου
358 2124 648 2170 superscriptum
681 2128 916 2171 argumento,
949 2128 1048 2171 quod
1080 2127 1267 2163 invenitur
1298 2129 1336 2163 in
1365 2131 1398 2166 G
1432 2130 1505 2165 alio
1533 2133 1631 2165 atra-

107 2180 231 2212 mento
257 2180 388 2223 postea
414 2179 585 2214 additum
612 2179 696 2226 (vol.
717 2179 767 2214 VI
792 2192 827 2225 p.
849 2184 868 2214 3
895 2180 984 2216 edit.
1005 2181 1166 2227 Matth.)‚
1194 2182 1239 2218 ef.
1267 2182 1485 2228 Gregorium
1507 2184 1630 2218 Corin—

106 2231 229 2265 thium
267 2243 302 2276 p.
335 2236 395 2267 17:
435 2231 526 2266 ἀλλὰ
564 2234 627 2268 καὶ
665 2232 872 2278 Εὐριπίδης
909 2234 949 2269 ἐν
986 2234 1159 2282 Πολυΐδῳ
1199 2235 1282 2281 (leg.
1321 2237 1544 2284 Πολυδώρῳ)
1582 2240 1630 2284 τῷ

107 2284 266 2328 δράματι
292 2281 392 2319 οἶσθ’
417 2283 483 2320 οὖν
510 2284 528 2321 ὃ
556 2288 694 2330 δρᾶσον
720 2288 765 2332 (v.
793 2289 874 2332 225)
907 2288 990 2322 ἀντὶ
1016 2294 1080 2323 τοῦ
1107 2287 1256 2333 δράσεις
1281 2289 1450 2336 ἐξήνεγκε
1474 2293 1478 2335 1
1501 2290 1563 2324 lin.
1588 2295 1628 2324 11

106 2337 355 2382 δυστυχούσης
379 2337 417 2372 in
444 2338 528 2373 aliis
554 2339 672 2384 libris,
698 2342 899 2386 δυστυχοῦς
926 2342 965 2376 Ε
1037 2345 1079 2375 15
1105 2344 1191 2386 post
1210 2342 1466 2389 μετεπέμψατο
1488 2344 1631 2378 addunt

107 2389 171 2424 alii
197 2389 285 2424 libri
309 2391 521 2434 κρύπτουσα
548 2392 621 2436 (vel
648 2393 838 2439 κρύψασα)
864 2394 905 2429 τὸ
932 2395 1085 2440 γεγονὸς
1162 2400 1201 2430 16
1230 2395 1292 2431 ἵνα
1318 2408 1387 2431 om.
1416 2398 1463 2441 E,
1491 2397 1631 2432 habent

107 2442 173 2476 alii
198 2442 286 2477 libri
309 2444 313 2490 Ι
335 2443 640 2489 παραγενομένου
666 2445 706 2480 in
731 2446 816 2481 aliis
842 2447 959 2492 libris,
985 2448 1274 2494 παραγενομένω
1301 2451 1341 2485 Ε
1417 2455 1458 2485 19
1487 2451 1630 2485 addunt

107 2495 171 2530 alii
197 2495 301 2532 libri:
329 2497 350 2542 ἡ
377 2497 443 2542 μὲν
469 2499 584 2544 σκηνὴ
610 2505 675 2534 τοῦ
702 2499 889 2545 δράματος
914 2501 1107 2537 ὑπόκειται
1134 2500 1174 2538 ἐν
1199 2509 1242 2549 τῇ
1269 2504 1471 2547 ἀντιπέραν
1495 2503 1631 2547 Τροίας

107 2549 343 2597 Χερρονήσῳ·
384 2551 402 2586 ὁ
439 2551 480 2586 δὲ
516 2553 625 2599 χορὸς
660 2552 878 2599 συνέστηκεν
913 2554 952 2589 ἐκ
984 2562 1172 2600 γυναικῶν
1207 2556 1500 2602 αἰχμαλωτίδων·
1540 2570 1629 2599 προ-

105 2600 238 2647 λογίζει
264 2602 304 2637 δὲ
332 2602 484 2639 εἴδωλον
512 2606 749 2650 Πολυδώρου.

1662 1324 1703 1353 10

1660 1678 1702 1708 1.’”)
