1929 3208
285 110 335 151 34
932 115 1197 146 lcl'mlllmn‘

498 213 563 267 οἷς
597 220 753 259 δεῖπνα
788 220 1027 273 προύθηκ“·
1060 219 1169 262 ἀλλὰ
1203 222 1324 262 τοῦδ’
1358 223 1478 264 οὔπω
1512 223 1639 273 ξένου

499 289 666 330 κακίον’
700 288 743 337 ἐς
780 290 900 343 τήνδ’
933 289 1082 332 ἑστίαν
1114 290 1336 346 ἐδεξάμην.
1786 305 1853 334 7130

499 360 545 408 ὃς
579 368 728 413 πρῶτα
763 360 843 412 μὲν
876 367 1132 403 πενθοῦντα
1165 364 1384 417 δεσπότην
1417 365 1533 418 ὁρῶν

499 430 660 484 ἐσῆλθε
696 430 931 485 κάτόλμηᾶ
965 431 1237 485 ἀμείψασθαι.
1270 436 1421 483 πύλας.

498 500 644 543 ἔπειτα
678 503 723 541 δ’
759 503 855 543 οὔτι.
888 506 1131 557 σωφρόνως
1164 504 1337 554 ἐδέξατο

500 574 548 613 τὰ
582 576 890 627 προστυχόντα
924 574 1057 627 ξένια,
1090 578 1326 630 συμφορὰν
1358 578 1530 630 μαθών,

498 641 606 696 ἀλλ’,
639 644 680 685 εἴ
711 661 750 685 τι
783 646 839 699 μὴ
873 645 1099 698 φέροιμεν,
1131 647 1329 699 ὤτρυνεν
1362 647 1524 702 φέρειν.
1786 658 1852 687 7ῠῦ

499 724 712 775 ποτήριον
746 722 786 762 δ’
819 721 868 764 ἐν
901 723 1023 777 χερσὶ
1056 725 1258 765 κίσσινον
1292 726 1439 777 λαβὼν

499 794 616 833 πίνει.
649 794 858 847 μελαίνης
891 796 1051 847 μητρὸς
1084 795 1274 849 εὔζωρον
1306 794 1438 848 μέθυ,

500 863 579 912 ἕως
612 863 823 918 ἐθέρμην’
856 865 992 906 αὐτὸν
1025 865 1252 919 ἀμφιβᾶσα
1286 868 1396 920 φλὸξ

499 934 642 975 οἴνου’
679 935 828 989 στέφει
862 937 910 977 δὲ
941 943 1077 990 κρᾶτα
1104 940 1320 992 μυρσίνης
1352 937 1529 987 κλάδοις

500 1007 657 1058 ἄμουσ”
691 1006 909 1049 ὑλακτῶν·
945 1009 1074 1050 δισσὰ
1107 1009 1147 1049 δ’
1179 1007 1235 1062 ἦν
1266 1009 1372 1063 μέλη
1405 1011 1577 1051 κλύειν·
1787 1019 1854 1050 760

503 1077 524 1115 ὃ
558 1078 639 1129 μὲν
672 1079 756 1131 γὰρ
789 1073 891 1135 ᾖδε,
924 1087 1012 1120 τῶν
1045 1079 1093 1121 ἐν
1121 1079 1334 1134 Ἀδμήτου
1366 1088 1512 1123 κακῶν

501 1149 636 1190 οὐδὲν
670 1157 912 1204 προτιμῶν,
945 1150 1107 1192 οἰκέται
1141 1151 1181 1192 δ’
1213 1151 1443 1205 ἐκλαίομεν

502 1220 759 1261 δέσποιναν·
795 1223 910 1274 ὄμμα
944 1222 984 1262 δ’
1018 1222 1098 1263 οὐκ
1130 1222 1389 1276 ἐδείκνυμεν
1422 1223 1529 1280 ξένῳ

504 1291 758 1344 τέγγοντες·
782 1291 998 1346 ’Ἄδμητος
1032 1294 1114 1347 γὰρ
1146 1290 1222 1334 ὧδ’
1256 1293 1415 1348 ἐφίετο.

502 1362 572 1402 καὶ
606 1368 691 1403 νῦν
724 1362 808 1415 ἐγὼ
842 1363 922 1415 μὲν
955 1363 1003 1405 ἐν
1036 1364 1240 1416 δόμοισιν
1272 1364 1399 1406 ἑστιῶ
1789 1373 1855 1405 765

501 1432 643 1485 ξένον,
677 1440 936 1487 πανοῦργον
970 1438 1119 1476 κλῶπα
1151 1436 1223 1476 καὶ
1256 1438 1419 1494 λῃστήν
1451 1452 1563 1489 τινα,

510 1505 529 1558 ἣ
566 1505 606 1545 δ’
641 1504 686 1546 ἐκ
722 1505 871 1557 δόμων
903 1505 1105 1560 βέβηκεν,
1138 1505 1236 1548 οὐδ’
1269 1506 1524 1561 ἑφεσπόμην

504 1576 600 1617 οὐδ’
634 1575 825 1625 ἐξέτεινα
857 1577 982 1631 χεῖρ’,
1015 1577 1272 1631 ἀποιμώζων
1305 1578 1412 1633 ἐμὴν

503 1647 759 1701 δέσποιναν,
792 1649 816 1701 ἣ
853 1648 943 1701 ’μοὶ
975 1650 1085 1690 πᾶσί
1113 1649 1152 1690 τ’
1184 1649 1422 1691 οἰκέταισιν
1454 1648 1509 1703 ἦν

501 1721 658 1772 μήτηρ·
692 1727 840 1761 κακῶν
872 1721 955 1773 γὰρ
988 1721 1160 1772 μυρίων
1192 1719 1372 1774 ἐρρύετο
1789 1728 1856 1759 770

505 1790 638 1843 ὀργὰς
669 1791 942 1842 μαλάσσουσ’
979 1790 1151 1844 ἀνδρός.
1215 1788 1299 1845 ἆρα
1330 1793 1408 1833 τὸν
1441 1792 1567 1842 ξένον

503 1868 650 1914 στυγῶ
685 1862 887 1915 δικαίως,
919 1861 968 1903 ἐν
1000 1869 1149 1912 κακοῖς
1182 1862 1446 1917 ἀφι.γμένον;

956 1994 1194 2024 ΗΡΑΚΛΗΣ.

501 2072 648 2129 οὗτος,
682 2078 726 2117 τί
757 2077 920 2129 σεμνὸν
952 2078 1024 2117 καὶ
1056 2078 1349 2130 πεφροντικὸς
1381 2077 1572 2130 βλέπεις;

503 2144 554 2188 οὐ
589 2148 669 2201 χρὴ
705 2149 978 2202 σκυθρωπὸν
1010 2154 1102 2197 τοῖς
1133 2148 1274 2198 ξένοις
1305 2149 1383 2190 τὸν
1414 2150 1670 2202 πρόσπολον

504 2214 639 2271 εἶναι,
673 2217 883 2272 δέχεσθαι
917 2219 957 2260 δ’
990 2219 1305 2275 εὐπροσηγόρῳ
1339 2221 1482 2273 φρενί.
1790 2227 1856 2257 775

503 2291 558 2330 σὺ
592 2289 632 2330 δ’
667 2290 798 2343 ἄνδρ’
835 2289 1012 2343 ἑταῖρον
1045 2291 1263 2332 δεσπότου
1296 2290 1485 2343 παρόνθ’
1521 2290 1637 2344 ὁρῶν

503 2369 678 2415 στυγνῷ
712 2362 933 2416 προσώπῳ
966 2361 1037 2402 καὶ
1071 2360 1441 2415 συνωφρυωμένῳ

350 2528 415 2558 749
443 2522 546 2566 ξένον
572 2524 717 2558 Βοῦῐθο
820 2528 887 2557 750
915 2525 950 2564 ἐς
976 2525 1018 2570 S]
1047 2526 1099 2565 εἰς
1127 2537 1143 2558 1·
1242 2528 1308 2558 755
1336 2523 1484 2568 φέροιεν
1510 2525 1546 2581 Β
1581 2526 1585 2567 Ι
1621 2523 1756 2567 ὤτρυνε
1780 2524 1861 2558 ΒΡ

350 2575 416 2605 756
443 2571 621 2615 ποτήριον
649 2573 681 2605 ὁ
716 2571 752 2605 ἐι
787 2572 927 2616 χερσὶ
914 2572 1127 2628 Mnsgrave]
1162 2577 1306 2616 ποτῆρα
1332 2572 1371 2606 δ’
1399 2571 1437 2606 ἐν
1463 2570 1599 2617 χείρεσι
1624 2570 1794 2616 (χείρεσσι
1821 2573 1858 2620 α)

290 2619 377 2653 libri
501 2622 566 2653 759
595 2617 771 2662 μυρσίιης
804 2618 954 2666 canter]
988 2630 1177 2663 μυρσινοις
1211 2619 1297 2653 lib1i
1420 2623 1487 2653 760
1520 2630 1571 2662 sq.
1609 2618 1717 2654 δισσὰ
1749 2619 1782 2653 δ’
1815 2620 1859 2661 ἠν

289 2666 376 2710 μέλη
403 2668 468 2701 κλ
451 2679 546 2702 υειν·
575 2665 593 2700 ὃ
627 2668 692 2711 μὲν
728 2666 794 2710 γὰρ
831 2668 894 2712 ῂὸε
923 2677 991 2701 Om.
1021 2668 1049 2703 S
1081 2668 1138 2710 (P,
1167 2670 1233 2701 760
1261 2666 1299 2700 in
1325 2678 1453 2711 marg,
1481 2670 1546 2700 761
1575 2667 1613 2700 in
1638 2677 1708 2700 ras
1737 2677 1804 2700 ser.
1832 2666 1857 2709 l)

352 2718 417 2748 761
457 2712 523 2757 ἡὸε
563 2715 598 2748 Β
712 2718 777 2747 762
820 2713 961 2748 οἰκέται
1001 2714 1178 2759 Blaydes]
1219 2713 1360 2749 οἰκέται
1400 2714 1504 2755 libri
1545 2714 1608 2748 cfr.
1649 2714 1724 2747 Ion.
1765 2717 1853 2747 1111

353 2766 418 2796 765
448 2763 552 2796 ἑστιῶ
579 2762 647 2796 Βα
747 2764 813 2795 766
842 2761 925 2795 fort.
954 2767 1166 2805 κακοῦργον
1266 2765 1332 2795 767
1361 2759 1549 2806 ἐφεπόμην
1582 2762 1618 2795 Β
1650 2760 1735 2795 fort.
1764 2761 1860 2805 ἐφει-

291 2808 412 2853 πόμηυ
525 2807 639 2852 ’769Ἴὶ)
669 2809 744 2853 ’μοὶ
773 2808 1000 2853 Wakefield]
1030 2808 1051 2852 η’
1079 2821 1141 2853 μοι
1167 2808 1253 2842 libri
1354 2812 1421 2843 770
1448 2809 1594 2852 ἐρρύετο
1621 2808 1663 2854 S]
1691 2809 1816 2851 ἐρύετο
1841 2820 1861 2842 r

353 2861 413 2890 771
448 2857 520 2900 ἄρα
547 2857 628 2891 ΒΡ
651 2868 741 2891 corr.
771 2855 821 2890 Ρ1
932 2859 997 2889 777
1028 2856 1341 2901 συνωφρυωμένος
1366 2856 1496 2890 Nauck
