1929 3208
257 161 312 199 :313
883 162 1151 196 ΕΥΡΙΠΙΔΟΥ

435 270 511 309 τὸν
551 267 728 322 λἠλείος
760 267 796 309 τ’
833 269 1014 311 ἄπαιδα·
1049 270 1120 311 διὰ
1154 267 1201 311 δὲ
1234 270 1313 323 τὴν
1346 269 1454 324 ἐμὴν

435 339 513 380 οὐκ
547 339 718 390 ἀξιώσω
752 346 991 381 κατθανεῖν
1025 338 1208 395 δάμαρτ’
1243 339 1346 394 έγώς
1713 353 1780 383 8ῠο

434 410 620 464 μάλιστά
652 408 712 464 γ’·
747 412 788 452 εἰ
818 411 899 465 γάρ
932 412 1045 452 εἰσιν
1077 412 1124 453 οἱ
1151 411 1250 453 θεοὶ
1284 414 1438 465 σοφοί,

433 481 630 535 εὔψυχον
663 482 802 534 ἄνδρα
835 483 1058 536 πολεμίων
1089 480 1282 525 θανόνθ’
1321 483 1406 524 ὕπο

433 552 580 607 κούφῃ
613 554 989 606 καταμπίσχουσιν
1022 551 1069 593 έν
1101 553 1250 608 τύμβῳ
1283 554 1431 607 χθονί,

430 629 602 664 κακοῖσι
636 620 677 664 δ’
714 622 823 677 ἕρμα
856 625 1035 677 στερεὸν
1068 623 1335 678 ἐμβάλλουσι
1367 630 1458 678 γῆς.

258 698 345 736 XO.
433 692 466 735 ὦ
499 696 613 745 θεοί,
646 693 846 747 γενέσθω
881 695 935 747 δή
967 693 1060 737 ποτ’
1099 692 1276 749 εὐτυχὲς
1310 693 1438 748 γένος
1712 707 1779 736 ⁸55

433 766 482 806 τὸ
521 766 787 807 Ταντάλειον
820 764 890 806 καὶ
923 767 1171 820 μεταστήτω
1203 773 1362 808 κακῶν.

258 840 347 878 EA.
429 837 474 877 οἲ
505 835 588 889 ἐγὼ
621 837 821 878 τάλαινα·
855 843 929 890 τῆς
960 837 1094 891 τύχης
1124 837 1207 891 γὰρ
1241 833 1317 878 ὧδ’
1356 838 1450 891 ἔχω.

438 906 655 956 ΛΙενέλαε,
689 904 1060 962 διαπεπράγμεθ’·
1093 907 1284 961 ἐκβαίνει
1318 907 1468 962 δόμων

433 979 459 1033 ἡ
491 979 744 1035 θεσπιῳδὸς
778 980 967 1033 Θεονόη·
1001 985 1156 1020 κτυπεῖ
1185 979 1318 1033 δόμος

434 1048 645 1106 κλῄθρων
678 1049 920 1092 λυθέντων.
985 1045 1134 1104 φεῦγ’·
1168 1049 1275 1103 ἀτὰρ
1308 1051 1354 1092 τί
1381 1048 1614 1104 φευκτέον;
1712 1061 1780 1091 860

429 1122 595 1163 ἀπόντα
628 1121 710 1176 γάρ
744 1134 791 1164 σε
823 1119 894 1163 καὶ
926 1117 1108 1175 παρόντ’
1145 1120 1392 1175 ἀφιγμένον

429 1189 549 1247 δεῦρ’
586 1189 724 1234 οἶδεν·
758 1189 792 1233 ὦ
827 1192 1057 1246 δύστηνος,
1091 1192 1150 1241 ὡς
1181 1193 1424 1246 ἀπωλόμην.

437 1264 595 1317 Τροίας
630 1261 677 1304 δὲ
710 1261 874 1312 σωθεὶς
905 1262 1016 1303 κάπὸ
1049 1263 1278 1316 βαρβάρου
1311 1263 1476 1317 χθονὸς

428 1334 471 1383 ἐς
502 1331 689 1388 βάρβαρ’
727 1333 871 1375 ἐλθὼν
904 1332 1095 1388 φάσγαν’
1132 1330 1266 1383 αὗθις
1299 1333 1472 1388 ἐμπεσῇ.

912 1480 1124 1514 ΘΕΟΝΟΗ.

428 1553 540 1607 ἡγοῦ
572 1553 627 1594 σύ
660 1569 734 1607 μοι
767 1550 966 1607 φέρουσα
998 1553 1262 1606 λαμπτήρων
1295 1550 1437 1605 σέλας,
1707 1563 1775 1595 865

427 1626 558 1666 θείου
591 1622 638 1665 δὲ
671 1624 834 1678 σεμνὸν
865 1624 1036 1677 θεσμὸν
1069 1622 1250 1679 αἰθέρος
1281 1623 1461 1677 μυχούς,

427 1696 485 1745 ὡς
515 1701 687 1748 πνεῦμα
719 1695 920 1748 καθαρὸν
954 1693 1151 1749 οὐρανοῦ
1185 1693 1431 1748 δεξώμεθα·

426 1768 482 1808 σὺ
515 1764 553 1807 δ’
593 1762 649 1807 αὖ
681 1764 896 1807 κέλευθον
929 1769 1064 1814 εἴτις
1096 1766 1286 1818 ἔβλαψεν
1319 1764 1422 1807 ποδὶ

426 1839 612 1890 στείβων
645 1836 822 1893 ἀνοσίῳ,
856 1837 932 1885 δὸς
963 1837 1191 1892 καθαρσίῳ
1225 1838 1373 1890 φλογί,

425 1915 618 1963 κροῦσον
651 1906 700 1949 δὲ
731 1908 912 1961 πεύκην,
945 1907 1018 1948 ἵνα
1053 1906 1278 1960 διεξέλθω,
1311 1908 1460 1962 πάρος.
1705 1918 1774 1950 870

428 1981 566 2033 νόμον
599 1976 646 2020 δὲ
679 1979 756 2020 τὸν
788 1978 894 2033 ἐμὸν
925 1982 1100 2020 θεοῖσιν
1133 1978 1379 2020 ἀποδοῦσαι
1411 1978 1543 2020 πάλιν

425 2050 629 2105 ἐφέστιον
659 2046 789 2104 φλόγ’
826 2048 869 2099 ἐς
903 2050 1068 2104 δόμους
1098 2051 1304 2104 κομίζετε.

418 2119 587 2176 Ἑλένη,
619 2123 665 2162 τί
692 2120 806 2175 τάμὰ
836 2128 928 2170 πῶς
959 2122 1045 2175 ἔχει
1078 2122 1373 2175 θεσπίσματα;

341 2271 409 2302 849
438 2265 589 2311 Νηλέως
614 2265 646 2300 τ’
677 2266 838 2312 ἄπαιδα]
864 2265 1025 2311 Lenting
1050 2263 1218 2310 (Νηλέως
1242 2277 1280 2299 τε
1307 2267 1427 2300 παῖδα
1453 2266 1674 2310 Musgrave)‚
1700 2267 1772 2310 θη-

247 2322 335 2362 σέως
366 2334 402 2355 τε
434 2322 553 2354 παῖδα
580 2320 658 2354 λθ
767 2323 919 2353 851-4
946 2319 1035 2354 olim
1068 2318 1219 2353 delebat
1243 2318 1377 2352 Nauck
1484 2322 1550 2352 851
1579 2331 1618 2364 γε
1645 2318 1679 2351 L

247 2380 314 2411 852
348 2374 513 2419 ἔμψυχον
539 2373 628 2416 λθ,
661 2372 825 2418 εὔψυχον
856 2373 868 2405 Ζ
977 2375 1044 2405 854
1076 2377 1221 2405 κακοῖσι
1256 2370 1290 2405 δ’
1328 2370 1433 2418 ἕρμα]
1468 2371 1600 2405 Nauck
1631 2372 1774 2414 (κακοῖς

247 2427 280 2463 δ’
313 2426 370 2471 ἔφ’
403 2425 494 2470 ἕρμα
520 2425 709 2470 Scaliger),
742 2425 880 2464 κακοὺς
906 2423 939 2458 δ’
972 2423 1033 2468 ἐφ’
1064 2423 1155 2468 ἕρμα
1175 2425 1254 2459 λθ
1290 2424 1402 2468 (ἅρμα
1427 2427 1463 2470 y)
1498 2426 1502 2469 1
1539 2422 1771 2470 ἐμβάλλουσι]

247 2481 429 2525 Scaliger,
467 2477 680 2525 ἔκβαλλοῦσι
705 2478 795 2521 λθ,
828 2476 1042 2523 ἐκβάλλουσι
1069 2478 1110 2522 lq
1230 2481 1298 2511 855
1330 2479 1408 2513 XO.
1443 2478 1548 2512 deest
1578 2476 1617 2511 in
1643 2477 1678 2511 L

245 2539 312 2569 861
340 2532 485 2568 ἀπόντα
511 2531 580 2578 γάρ
609 2543 645 2566 σε
671 2532 734 2566 καὶ
760 2529 936 2577 παρόντ’]
964 2530 1142 2575 Schenkl,
1175 2531 1322 2565 ἀποῦσα
1356 2529 1424 2576 γάρ
1460 2542 1497 2565 σε
1523 2530 1586 2565 καὶ
1611 2527 1766 2574 παροῢσ’

245 2588 323 2622 λθ
409 2590 475 2620 862
498 2583 599 2620 οἶδεν
619 2585 665 2629 λ,
691 2580 806 2628 ἦλθεν
828 2584 861 2618 θ
947 2587 1015 2618 863
1028 2596 1080 2628 sq.
1107 2584 1207 2618 delet
1226 2583 1477 2618 WVilamowitz
1561 2587 1630 2618 864
1652 2582 1771 2617 ἐλθὼν

246 2639 408 2686 φάσγαν’
438 2640 490 2682 λ,
523 2638 642 2673 ἐλθὼν
674 2636 831 2684 βάρβαρ’
864 2637 897 2671 θ
1018 2641 1085 2671 866
1117 2640 1227 2672 θεῖον
1252 2638 1341 2681 λθ,
1372 2635 1482 2672 θείου
1513 2648 1536 2682 y
1576 2638 1580 2681 l
1621 2635 1770 2681 σεμνὸν]

244 2694 444 2737 Hermann,
471 2698 605 2736 σεμνοῦ
632 2692 721 2735 λθ,
748 2691 799 2731 εἰς
825 2695 958 2734 σεμνοῦ
987 2691 998 2725 l
1029 2692 1032 2735 Ι
1066 2690 1217 2736 μυχούς]
1245 2689 1375 2734 scripsi
1402 2687 1532 2734 (μυχόν
1557 2689 1770 2733 Hermann),

246 2752 369 2791 μυχῶν
395 2746 483 2780 λθ.
535 2745 606 2779 Cfr.
634 2748 700 2778 617
823 2747 889 2778 867
918 2744 1126 2789 δεξώμεθα]
1155 2742 1339 2785 Schaefer,
1367 2740 1572 2785 δεξαίμεθα
1598 2741 1677 2775 λθ

245 2803 312 2833 868
340 2798 378 2833 εἴ
392 2799 480 2842 λθ,
510 2797 530 2843 ἤ
549 2810 571 2843 9
594 2799 597 2843 Ι
621 2798 757 2844 ἔβλαψε
777 2797 822 2841 λ,
850 2797 1009 2843 ἔβλαψεν
1030 2797 1042 2830 Ζ
1126 2799 1194 2830 870
1215 2793 1373 2839 κροῦσόν
1393 2807 1430 2829 τε
1451 2794 1586 2829 Reiske
1609 2796 1613 2838 Ι
1635 2792 1769 2839 πάρος]

245 2851 359 2895 idem,
392 2850 508 2895 πυρός
539 2851 616 2886 λθ
749 2854 815 2885 871
848 2849 966 2885 πόνον
999 2849 1038 2884 δὲ
1071 2847 1228 2893 νόμιμον
1260 2847 1455 2882 Kirchhoff
1583 2850 1650 2880 872
1684 2846 1767 2880 fort.

246 2916 436 2948 εφεστιους
