1929 3208
571 749 877 782 ΙΙΟΛΤΔῼΡΟΤ
904 750 1133 782 ΕΙΔΩΛΟΝ.

258 830 379 874 “”Ἡκω
411 839 580 885 νεκρῶν
611 836 849 886 κευθμῶνα
881 830 953 873 καὶ
986 834 1146 874 σκότου
1177 834 1317 883 πύλας

269 902 428 956 λιπών,
462 899 520 944 ἵν’
546 900 697 956 Ἅιδης
729 900 861 956 χωρὶς
893 902 1073 960 ᾤκισται
1105 907 1245 955 θεῶν,

269 973 560 1028 Πολύδωρος,
588 970 772 1028 Ἑκάβης
802 980 902 1023 παῖς
933 974 1072 1028 γεγὼς
1103 980 1178 1028 τῆς
1211 973 1410 1024 Κισσέως

268 1044 473 1099 Πριάμου
505 1059 548 1085 τε
580 1046 762 1098 πατρός,
796 1044 844 1094 ὅς
875 1042 940 1099 μ’,
974 1043 1066 1086 ἐπεὶ
1102 1047 1295 1099 Φρυγῶν
1327 1048 1457 1087 πόλιν

266 1116 476 1165 κίνδυνος
507 1116 603 1170 ἔσχε
637 1113 736 1169 δορὶ
767 1122 916 1157 πεσεῖν
945 1114 1206 1173 Ἑλληνικῷ,
1590 1129 1610 1158 5

267 1187 413 1236 δείσας
444 1185 714 1240 ὑπεξέπεμψε
753 1189 949 1241 Τρωικῆς
980 1188 1146 1241 χθονὸς

267 1259 615 1312 Πολυμήστορος
646 1258 755 1311 πρὸς
788 1258 911 1312 δῶμα
947 1259 1143 1313 Θρῃκιόυ
1177 1257 1328 1313 ξένου,

267 1328 315 1378 ὃς
346 1327 468 1382 τήνδ’
500 1327 683 1383 ἀρίστην
717 1329 1021 1383 Χερσονησίαν
1053 1329 1196 1370 πλάκα

267 1400 452 1453 σπείρει,
486 1400 702 1454 φίλιππον
733 1399 842 1441 λαὸν
874 1399 1081 1441 εὐθύνων
1116 1401 1226 1454 δορί.

266 1471 408 1512 πολὺν
440 1468 488 1512 δὲ
521 1471 605 1511 σὺν
637 1469 733 1524 ἐμοὶ
766 1470 931 1524 χρυσὸν
964 1469 1167 1525 ἐκπέμπει
1200 1471 1348 1527 λάθρα
1566 1483 1608 1514 10

265 1542 426 1594 πατήρ,
458 1538 535 1595 ἵν’,
569 1544 612 1582 εἴ
637 1539 732 1582 ποτ’
765 1539 899 1583 Ἰλίου
930 1543 1049 1596 τείχη
1082 1541 1229 1596 πέσοι,

266 1619 357 1662 τοῖς
389 1613 518 1663 ζῶσιν
550 1615 618 1666 εἰή
651 1610 775 1654 παισὶ
808 1612 865 1666 μὴ
898 1613 1056 1662 σπάνις
1085 1614 1200 1666 βίου.

267 1684 480 1732 νεώτατος
512 1681 551 1724 δ’
584 1679 609 1736 ἧ
645 1683 928 1737 Πριαμιδῶν,
961 1683 983 1724 ὃ
1016 1685 1093 1724 καί
1119 1699 1171 1738 με
1203 1690 1282 1738 γῆς

266 1752 581 1807 ὑπεξέπεμψεν·
616 1753 716 1795 οὔτε
748 1754 831 1808 γὰρ
864 1752 1018 1808 φέρειν
1051 1754 1162 1796 ὅπλα

266 1823 357 1867 οὔτ’
389 1826 515 1880 ἔγχος
547 1818 638 1874 οἷός
668 1822 706 1865 τ’
736 1821 762 1878 ἦ
795 1823 880 1880 νέῳ
914 1826 1129 1880 βραχίονι.
1569 1839 1611 1868 15

266 1895 347 1946 ἕως
378 1893 458 1950 μὲν
491 1892 572 1937 οὖν
604 1901 683 1949 γῆς
715 1893 815 1950 ὄρθ’
850 1893 986 1937 ε”κειθ’
1016 1896 1231 1951 ὁρίσματα

266 1967 427 2021 πύργοι
458 1964 496 2007 τ’
528 1967 774 2020 ἄθραυστοι
814 1969 1008 2021 Τρωικῆς
1039 1964 1152 2021 ἦσαν
1184 1970 1349 2023 χθονὸς

255 2037 422 2091 ’Έκτωρ
454 2033 491 2078 τ’
522 2037 713 2091 ἀδελφὸς
745 2037 880 2091 οὑμὸς
910 2037 1088 2093 ηὐτύχει
1121 2039 1240 2093 δορί,

267 2111 407 2158 καλῶς
437 2106 538 2161 παρ’
571 2106 700 2162 ἀνδρὶ
734 2106 872 2163 Θρῃκὶ
904 2108 1090 2166 πατρῴῳ
1124 2109 1232 2166 ξένῳ

207 2236 399 2281 εὐριπίδου
427 2235 539 2283 ἑκάβη
568 2247 744 2282 superscr.
773 2236 906 2281 ALG,
932 2237 1048 2272 minio
1075 2248 1252 2283 superscr.
1281 2238 1326 2273 al.
1355 2250 1451 2274 man.
1480 2250 1549 2274 rec.
1573 2239 1609 2273 in

88 2292 123 2326 L
149 2294 318 2335 πολυδωρ
345 2292 503 2336 (ceterae
529 2290 661 2326 literae
688 2290 855 2325 abscisae
883 2292 982 2336 sunt)
1099 2296 1115 2326 1
1145 2294 1324 2336 κεθμῶνα
1350 2293 1385 2328 Α
1411 2307 1433 2327 υ
1460 2304 1537 2337 sup.
1566 2295 1614 2327 εθ

89 2356 155 2379 scr.
183 2344 238 2380 A2
271 2345 276 2391 l
311 2358 364 2389 γρ.
398 2345 460 2378 καὶ
494 2344 683 2384 σκότους
707 2345 761 2378 A¹
787 2343 826 2378 in
851 2355 967 2389 marg.
995 2344 1139 2379 scholia
1165 2344 1328 2379 scribens
1451 2349 1470 2379 3
1499 2345 1611 2381 schol.

89 2398 181 2433 ἔνιοι
207 2396 248 2432 δὲ
274 2397 498 2443 γράφουσιν·
520 2396 684 2444 ξΕκεὲβης
708 2403 796 2438 παῖς
823 2397 936 2442 γεγὼς
959 2403 1024 2443 τῆς
1043 2397 1198 2440 Κισσίας
1223 2397 1379 2443 (κισσίας
1397 2399 1510 2433 Marc.
1532 2402 1612 2441 469,

90 2450 238 2491 κισσέως
263 2453 312 2495 Α)
339 2452 376 2485 et
401 2464 456 2496 γρ.
482 2456 547 2496 τῆς
572 2449 722 2491 κισσέως
747 2449 915 2496 (Κισσίας
940 2450 1151 2496 Kirchhoff)
1226 2455 1246 2486 ὅ
1276 2451 1353 2497 ἔσχε
1381 2452 1414 2486 G
1440 2451 1542 2496 ἔσχεν
1561 2463 1583 2497 gy
1606 2459 1609 2493 j

89 2504 196 2547 δουρὶ
222 2504 302 2538 BG
401 2507 419 2537 7
445 2502 623 2549 θρηικίου
649 2505 683 2538 Α
709 2502 872 2549 θρῃκίου
901 2504 950 2550 G]
976 2502 1154 2549 θρηϊκίου
1180 2504 1262 2539 rA²
1347 2508 1367 2539 8
1393 2503 1498 2548 τήνδ’
1522 2504 1612 2538 Her-

89 2557 218 2602 mann]
243 2557 310 2601 τὴν
335 2556 422 2591 libri
458 2559 461 2600 Ι
494 2555 747 2603 Χερσοινησίαν
773 2557 935 2603 Brunck]
962 2556 1206 2603 χερρονησίαν
1231 2557 1319 2592 libri
1418 2561 1461 2591 10
1487 2556 1612 2600 λάθρα

90 2610 175 2644 libri
266 2614 306 2644 11
335 2608 425 2654 πέση
455 2610 489 2643 G
514 2623 549 2645 οι
576 2622 653 2655 sup.
681 2624 703 2656 η
731 2621 798 2645 scr.
828 2610 878 2645 G¹
966 2615 1008 2645 13
1035 2607 1074 2657 ἦ]
1100 2607 1147 2655 ἧν
1172 2610 1270 2654 libri,
1298 2611 1362 2645 cfr.
1391 2610 1503 2644 schol.
1531 2610 1610 2645 cod.

89 2663 173 2697 Vat.
203 2666 292 2697 1345
320 2663 403 2698 ἀντὶ
429 2669 493 2697 τοῦ
522 2663 615 2708 ἤμην
642 2662 766 2709 φησίν.
811 2663 976 2704 Ἀττικῶς
1002 2663 1042 2699 δὲ
1068 2660 1125 2709 ἦν.
1162 2665 1221 2698 καὶ
1251 2665 1360 2709 χωρὶς
1385 2662 1425 2698 δὲ
1451 2668 1515 2697 τοῦ
1541 2666 1562 2696 3¹
1589 2658 1611 2706 ἧ

90 2717 173 2751 ἀντὶ
198 2722 263 2751 τοῦ
291 2716 342 2751 ἔα.
369 2715 463 2751 οὕτω
491 2715 664 2760 Δίδυμος.
710 2716 750 2752 ἐν
776 2716 899 2761 μέντοι
925 2724 1003 2758 τοῖς
1028 2717 1274 2762 ἀντιγράφοις
1300 2712 1345 2760 ἧν
1372 2715 1518 2761 φέρεται
1549 2716 1612 2750 καὶ

72 2769 196 2814 ’κοινὴ
223 2769 431 2815 ἀνάγνωσις
459 2766 521 2814 ἦν,
550 2769 648 2813 quod
676 2769 857 2804 scholium
883 2770 1055 2815 primitus
1083 2770 1129 2804 ad
1160 2767 1177 2814 ἧ
1204 2769 1426 2814 pertinuisse
1454 2771 1612 2814 apparet

163 2828 206 2857 15
234 2821 311 2863 οἷός
336 2821 388 2868 τ’]
416 2820 474 2857 οἷσ
499 2821 530 2857 τ’
556 2824 590 2857 Α
617 2836 635 2857 ο
662 2834 740 2868 sup.
768 2835 789 2857 6
815 2834 880 2858 scr.
902 2823 957 2859 Α2
980 2822 1012 2858 τ’
1038 2821 1117 2863 οἷος
1142 2824 1177 2858 Β
1205 2821 1282 2862 οἶος
1301 2822 1356 2857 B²
1377 2824 1382 2867 l
1405 2819 1451 2867 ἦν
1476 2822 1564 2856 libri

94 2880 135 2910 16
162 2875 269 2911 ἔκειτ’
294 2875 487 2920 ἐρείσματα
508 2875 674 2921 Scaliger
733 2879 775 2910 18
802 2876 950 2922 ηὐτύχει
971 2876 1108 2922 BLG]
1137 2876 1278 2920 εὐτύχει
1299 2876 1382 2910 AE
1441 2878 1482 2909 19
1503 2874 1610 2922 ξένῳ]

92 2927 184 2976 φίλῳ
211 2929 289 2965 LG·
