1929 3208
736 162 951 196 ΚΤΚΛῼΨ
1571 163 1624 204 19

278 272 425 328 λάβρῳ
456 272 648 327 μαχαίρᾳ
679 270 841 324 σάρκας
873 268 1041 320 ἐξώπτα
1072 270 1201 323 πυρί,

276 344 329 385 τὰ
361 340 400 384 δ’
432 341 476 392 ἐς
508 341 654 396 λέβητ’
683 340 846 396 ἐφῆκεν
878 340 1065 391 ἕψεσθαι
1096 339 1214 394 μέλη.

277 412 362 468 ἐγὼ
394 411 434 455 δ’
466 413 488 455 ὁ
521 415 696 468 τλήμων
728 411 881 467 δάκρυ’
912 410 984 453 ἀπ’
1014 410 1264 465 ὀφθαλμῶν
1294 409 1407 465 χέων
1557 421 1626 453 405

278 483 575 539 ἐχριμπτόμην
606 483 820 526 Κύκλωπι
850 482 1166 524 κάδιακόνουν·

279 556 403 597 ἄλλοι
435 555 474 596 δ’
505 555 622 604 ὅπως
653 555 835 608 ὄρνιθες
866 552 915 596 ἐν
945 559 1101 608 μυχοῖς
1132 551 1293 607 πέτρας

279 625 515 681 πτήξαντες
546 622 681 680 εἶχον,
713 620 817 678 αἷμα
849 625 893 666 δ’
920 624 1002 666 οὐκ
1034 622 1140 678 ἐνῆν
1170 624 1280 678 χροΐ.

279 697 372 739 ἐπεὶ
404 695 443 738 δ’
475 696 660 751 ἑταίρων
691 703 780 738 τῶν
811 694 927 749 ἐμῶν
958 694 1174 749 πλησθεὶς
1205 696 1341 749 βορᾶς

280 768 482 822 ἀνέπεσε,
514 768 714 822 φάρυγος
745 764 890 821 αἰθέρ’
922 764 1048 816 ἐξιεὶς
1079 765 1240 820 βαρύν,
1562 776 1631 807 410

281 839 446 894 ἐσῆλθέ
474 841 550 893 μοί
578 854 620 880 τι
651 843 798 881 θεῖον·
830 837 1051 892 ἐμπλήσας
1082 836 1252 891 σκύφος

280 911 503 965 Μάρωνος
535 910 654 965 αὐτῷ
685 909 817 951 τοῦδε
848 907 1086 963 προσφέρω
1118 913 1238 949 πιεῖν

280 980 421 1035 λέγων
452 978 570 1022 τάδ’·
602 977 635 1022 ὦ
667 986 748 1021 παῖ
777 980 963 1021 ποντίου
995 982 1122 1031 θεοῦ,
1154 978 1372 1032 Κύκλωψ,

281 1051 437 1103 σκέψαι
467 1050 559 1094 τόδ’
591 1045 689 1093 οἷον
715 1049 871 1100 Ἑλλὰς
902 1048 1108 1103 ἀμπέλων
1139 1050 1225 1091 ἄπο

280 1127 410 1165 θεῖον
441 1124 605 1176 κομίζει
634 1129 784 1175 πῶμα,
816 1121 1046 1163 Διονύσου
1078 1119 1223 1174 γάνος.
1564 1131 1633 1162 415

281 1194 304 1236 ὃ
338 1192 377 1236 δ’
409 1191 598 1243 ἔκπλεως
629 1193 692 1235 ὢν
723 1199 800 1247 τῆς
830 1191 1128 1247 ἀναισχύντου
1160 1193 1296 1247 βορᾶς

283 1264 450 1316 ἐδέξατ’
476 1263 666 1307 ἕσπασέν
697 1265 736 1306 τ’
767 1265 955 1318 ἄμυστιν
986 1262 1172 1313 ἑλκύσας

283 1334 491 1394 κάπῄνεσ’
523 1337 630 1391 ἄρας
661 1341 801 1391 χεῖρα·
835 1336 1016 1390 φίλτατε
1048 1333 1200 1388 ξένων,

282 1409 418 1450 καλὸν
448 1409 498 1450 τὸ
530 1415 658 1462 πῶμα
689 1407 806 1449 δαιτὶ
837 1407 947 1462 πρὸς
977 1409 1087 1461 καλῇ
1120 1405 1265 1455 δίδως.

282 1478 478 1533 ἡσθέντα
510 1477 549 1519 δ’
579 1478 716 1520 αὐτὸν
748 1478 806 1528 ὡς
837 1477 1098 1537 ἐπῃσθόμην
1129 1475 1234 1531 ἐγώ,
1567 1486 1637 1517 420

284 1550 422 1604 ἄλλην
453 1547 595 1591 ἔδωκα
625 1549 800 1603 κύλικα,
833 1548 1092 1603 γιγνώσκων
1125 1548 1192 1590 ὅτι

284 1621 442 1675 τρώσει
473 1636 547 1662 νιν
578 1616 699 1670 οἶνος
729 1620 802 1662 καὶ
834 1619 963 1674 δίκην
995 1619 1127 1660 δώσει
1157 1618 1279 1673 τάχα.

284 1692 357 1733 καὶ
389 1692 443 1747 δὴ
474 1692 584 1746 πρὸς
615 1688 733 1748 ᾠδὰς
765 1684 894 1745 εἷρπ’.
957 1689 1042 1744 ἐγὼ
1075 1689 1117 1731 δ’
1147 1688 1365 1744 ἐπεγχέων

285 1763 423 1817 ἄλλην
454 1761 520 1804 ἐπ’
550 1763 659 1821 ἄλλῃ
692 1760 906 1816 σπλάγχν’
935 1759 1204 1816 ἐθέρμαινον
1235 1767 1366 1817 ποτῷ.

286 1832 381 1890 ἄδει
413 1833 462 1875 δὲ
493 1834 611 1887 παρὰ
641 1834 844 1875 κλαίουσι
870 1832 1138 1882 συνναύταις
1163 1830 1283 1885 ἐμοῖς
1570 1841 1639 1873 425

287 1902 461 1959 ἄμουσ’,
493 1903 643 1959 ἐπηχεῖ
674 1901 714 1945 δ’
746 1904 920 1958 ἄντρον.
982 1901 1178 1953 ἐξελθὼν
1210 1903 1253 1944 δ’
1282 1901 1366 1957 ἐγὼ

288 1980 409 2033 σιγῇ,
441 1975 489 2017 σὲ
521 1982 660 2016 σῶσαι
689 1975 808 2029 κᾶμ’,
840 1973 917 2016 ἐὰν
948 1974 1109 2033 βούλῃ,
1139 1973 1272 2016 θέλω.

289 2044 381 2088 ἀλλ’
415 2045 554 2088 εἴπατ’
584 2045 669 2087 εἴτε
701 2043 866 2104 χρῄζετ’
898 2044 975 2087 εἴτ’
1006 2045 1058 2087 οὐ
1091 2043 1266 2104 χρῄζετε

289 2118 473 2173 φεύγειν
504 2117 686 2170 ἄμικτον
718 2117 860 2172 ἄνδρα
890 2117 962 2158 καὶ
993 2117 1046 2158 τὰ
1079 2117 1273 2171 Βακχίου

288 2190 430 2231 ναίειν
461 2187 662 2243 μέλαθρα
692 2188 880 2230 Ναΐδων
910 2194 1102 2242 νυμφῶν
1132 2187 1249 2241 μέτα.
1572 2195 1642 2227 430

289 2259 311 2302 ὁ
343 2260 424 2313 μὲν
454 2260 539 2315 γὰρ
571 2257 704 2301 ἔνδον
736 2260 812 2309 σὸς
838 2260 979 2314 πατὴρ
1010 2256 1104 2300 τάδ’
1135 2256 1307 2317 ᾔνεσεν.

137 2379 205 2410 403
231 2374 366 2418 ἐξόπτα
391 2377 441 2419 Ρ,
475 2387 565 2410 corr.
587 2388 616 2420 p
712 2379 782 2410 404
806 2375 853 2410 τὰ
879 2376 934 2421 δ’]
961 2375 1104 2418 Heath‚
1128 2375 1216 2410 τάδ’
1242 2375 1322 2410 LP
1415 2376 1483 2407 406
1509 2372 1644 2407 κάδια·

77 2427 232 2475 κόνουν]
259 2428 428 2472 Dindorf,
454 2429 519 2463 καὶ
545 2427 748 2473 διηκόνουν
774 2430 854 2464 LP
923 2431 991 2463 407
1019 2428 1122 2463 ἄλλοι
1141 2426 1340 2463 Kirchhoff
1357 2426 1363 2474 Ι
1385 2424 1535 2471 πέτρας]
1557 2425 1642 2460 fort.

79 2481 192 2527 δέμας
275 2485 344 2516 410
370 2481 552 2528 φάρυγος]
580 2482 757 2527 Scaliger,
784 2482 975 2527 φάρυγγος
993 2482 1073 2517 LP
1092 2483 1096 2526 Ι
1119 2480 1276 2524 ἐξανιεὶς
1295 2479 1430 2514 Aizhen.
1451 2479 1467 2512 Ι
1485 2490 1520 2522 p.
1543 2482 1587 2512 23
1601 2477 1643 2521 E,

78 2535 178 2570 unde
213 2534 354 2577 ἐξανεὶς
387 2534 527 2570 Porson
549 2534 554 2582 Ι
576 2533 724 2581 αἰθέρ’]
761 2533 876 2580 ἀτμὸν
911 2534 1045 2569 Nauck
1141 2538 1208 2569 411
1236 2534 1286 2580 τι]
1312 2531 1348 2568 τί
1373 2533 1475 2575 LP!
1499 2531 1645 2575 σκύφον

79 2588 238 2632 Blaydes
334 2592 402 2622 412
429 2589 528 2635 αὐτῷ
561 2588 685 2634 τοῦδε]
722 2588 760 2622 L.
782 2588 957 2631 Dindorf‚
993 2588 1108 2623 αὐτοῦ
1141 2588 1235 2622 τῶδε
1273 2587 1352 2622 LP
1445 2587 1514 2619 413
1552 2583 1643 2629 παῖ]

79 2641 236 2684 Aldina,
261 2646 326 2675 τοῦ
352 2641 431 2676 LP
524 2644 592 2675 416
620 2639 681 2676 ὅδ’
707 2640 807 2687 LP}
831 2641 1058 2686 ἀναιχύντου
1084 2641 1121 2675 Ρ
1213 2643 1281 2675 417
1308 2640 1344 2673 τ’
1371 2649 1440 2673 om.
1468 2638 1554 2680 LP,
1582 2637 1646 2671 ad-

81 2695 180 2729 didit
204 2694 343 2728 Barnea
439 2696 509 2728 419
533 2691 627 2737 πρὸς
651 2691 766 2729 καλὸν
791 2694 878 2736 LP,
904 2694 926 2739 ὴ
953 2705 1064 2738 super
1089 2691 1132 2728 ὸν
1158 2703 1225 2727 scr.
1247 2692 1282 2727 L
1307 2693 1349 2726 ut
1374 2691 1532 2734 videtur,
1558 2690 1580 2735 ὴ
1606 2690 1646 2724 in

82 2754 104 2793 ῆ
123 2750 214 2783 mut.
235 2748 247 2782 Z
301 2751 368 2782 421
390 2747 580 2791 γινώσκων
595 2747 674 2782 LP
725 2750 792 2781 422
813 2742 904 2793 ᾧνος
922 2746 1157 2789 Herwerden,
1178 2745 1243 2780 cfr.
1259 2748 1327 2779 560
1382 2748 1451 2779 425
1472 2743 1555 2778 ἄδει
1568 2743 1645 2788 Lp‚

82 2801 163 2846 ἄγει
188 2798 249 2847 ΡΙ
272 2801 338 2834 σὺν
364 2800 519 2840 ναύταις
544 2800 623 2834 LP
716 2803 785 2835 426
812 2799 954 2846 ἐπηχεῖ]
975 2799 1125 2842 Barnes,
1153 2798 1281 2843 ἐπήχει
1300 2798 1386 2841 LP,
1413 2797 1496 2832 fort.
1517 2796 1650 2842 ἐπαχεῖ

140 2853 358 2942 427Εβ1ζύλει
384 2854 420 2888 Ρ
513 2856 581 2888 429
608 2853 693 2888 fort.
721 2858 853 2898 φυγεῖν
950 2856 1020 2888 430
1045 2850 1219 2898 Ναΐδων]
1248 2850 1502 2894 Casaubonus,
1531 2852 1647 2885 δανα-

83 2906 174 2942 ΐδων

1318 2975 1363 3009 2·
