1929 3208
247 118 303 156 :30
878 120 1145 152 ΕΥΡΙΠΙΔΟΥ

425 225 567 279 λέγειν
601 243 639 266 τε
677 227 833 275 δεινός.
896 226 944 266 ἓν
977 226 1059 278 γὰρ
1093 224 1257 267 &meme
1286 223 1325 266 σ’
1364 227 1482 276 ἔπος·
1703 239 1769 268 585

424 303 532 350 χρῆν
567 295 626 343 σ’,
659 301 778 348 ειπερ
811 293 929 349 ἦσθα
964 296 1022 349 μὴ
1055 297 1206 345 κακός,
1239 297 1447 338 πείσαντα
1480 313 1528 351 με

424 374 580 420 γαμεῖν
615 368 755 420 γάμον
788 363 927 417 τόνδ’,
962 365 1070 408 ἀλλὰ
1103 367 1160 420 μὴ
1194 373 1294 422 σιγῇ
1326 369 1480 422 φίλων.

288 440 359 478 ΙΑ.
422 440 563 486 καλῶς
596 434 635 490 γ’
672 438 741 486 ἄν,
775 434 916 492 οἶμαι,
951 435 1053 493 τῷδ’
1090 435 1316 491 ὑπηρέτεις
1350 440 1488 493 λόγῳ,

423 512 464 548 ‹ti'
492 519 561 548 σοι
595 508 735 562 γάμον
768 515 991 557 κατεῖπον,
1027 509 1114 562 ἥτις
1147 505 1250 550 οὐδὲ
1285 514 1368 550 νῦν

424 582 585 634 τολμᾷς
617 584 820 633 μεθεῖναι
853 580 1034 632 καρδίας
1067 578 1203 633 με’)ἀν
1237 582 1379 634 χόλον.
1704 593 1771 623 590

251 652 352 690 ¹llll.
426 650 478 691 οὐ
511 653 640 692 τοῦτό
674 649 713 691 σ’
752 647 881 705 εἶχεν,
915 651 1023 693 ἀλλὰ
1057 651 1284 705 βάρβαρον
1316 650 1440 706 λέχος

422 722 531 773 πρὸς
564 728 698 775 γῆρας
732 722 813 763 οὐκ
845 722 1029 772 εὔδοξον
1062 721 1257 776 ἐξέβαινέ
1286 733 1368 763 σοι.

283 794 359 833 ΙΑ.
421 788 471 834 εὖ
504 809 587 833 νυν
620 791 710 834 τόδ’
751 797 865 843 ἴσθι,
899 793 956 847 μὴ
989 794 1197 847 γυναικὸς
1229 794 1373 835 εἵνεκα

422 866 560 917 γῆμαί
588 880 639 917 με
672 863 828 917 λέκτρα
861 863 1079 918 βασιλέων
1111 863 1137 906 ἃ
1170 871 1253 906 νῦν
1285 866 1387 919 ἔχω,

424 931 536 982 ἀλλ’,
570 935 714 989 ὥσπερ
747 933 872 976 εἷπον
906 934 976 976 καὶ
1008 935 1166 989 πάρος,
1198 943 1335 977 σῶσαι
1367 934 1516 977 θέλων
1703 948 1770 977 595

423 1003 469 1048 σὲ
503 1004 573 1047 καὶ
605 1005 797 1049 τέκνοισι
828 1013 919 1055 τοῖς
952 1007 1070 1060 ἐμοῖς
1103 1007 1381 1061 ὁμοσπόρους

422 1083 559 1131 φῦσαι
593 1078 840 1132 τυράννους
871 1078 1050 1129 παῖδας,
1084 1079 1222 1131 ἔρυμα
1257 1079 1436 1131 ὸώμασι.

248 1150 352 1188 ΜΠ.
425 1150 482 1201 μή
515 1164 589 1202 μοι
622 1149 794 1202 γένοιτο
828 1149 992 1203 λυπρὸς
1025 1149 1248 1203 εὐδαίμων
1280 1151 1375 1203 βιός

422 1216 524 1273 μηδ’
563 1220 692 1273 ὄλβος
725 1220 844 1269 ὅστις
875 1221 955 1274 τὴν
987 1219 1096 1274 ἐμὴν
1128 1223 1264 1271 κνίζοι
1297 1219 1449 1275 φρένα.

278 1292 356 1331 ΙΑ.
421 1287 540 1331 οἷσθ’
579 1291 636 1339 ὡς
668 1289 868 1345 μέτευξαι
900 1289 972 1332 καὶ
1006 1289 1235 1345 σοφωτέρα
1268 1297 1407 1345 φανῇ;
1703 1303 1770 1334 600

423 1362 474 1402 τὰ
506 1363 670 1417 χρηστὰ
702 1364 760 1416 μή
793 1373 863 1403 σοι
896 1362 1040 1415 λυπρὰ
1073 1361 1305 1415 φαινέσθω
1338 1361 1462 1414 ποτέ,

423 1430 524 1486 μηδ’
563 1433 806 1488 εὐτυχοῦσα
841 1435 1057 1487 δυστυχὴς
1089 1429 1202 1474 εἶναι
1237 1434 1367 1475 δόκει.

248 1506 352 1544 MH.
425 1500 584 1558 ὕβριζ’,
618 1503 765 1558 ἐπειδὴ
798 1503 871 1545 σοὶ
903 1502 983 1558 μὲν
1015 1503 1105 1545 ἐστ’
1144 1504 1422 1560 ἀποστροφή,

424 1575 508 1628 ἐγὼ
543 1573 582 1616 ὸ’
621 1577 781 1629 ἔρημος
813 1576 943 1629 τήνδε
975 1575 1220 1630 φευξοῦμαι
1253 1578 1409 1630 χθόνα.

281 1649 360 1688 ΙΑ.
424 1646 532 1701 αὐτὴ
565 1645 659 1687 τάδ’
697 1647 836 1688 εἵλου·
874 1644 1028 1700 μηδέν’
1066 1647 1201 1688 ἄλλον
1234 1648 1368 1688 αι’τιῶ.
1703 1659 1770 1690 605

244 1720 351 1759 MH.
423 1720 467 1759 τί
497 1720 665 1770 ὄρῶσας
697 1725 791 1772 μῶν
823 1724 1023 1772 γαμοῦσα
1056 1716 1129 1758 καὶ
1161 1718 1389 1771 προδοῦσα
1421 1728 1489 1768 σε;

281 1792 360 1832 ΙΑ.
422 1788 529 1842 ἀρὰς
561 1789 797 1842 τυράννοις
829 1789 1036 1838 ἀνοσίους
1068 1787 1282 1843 ἀρωμένη.

245 1862 354 1901 ΜΗ.
417 1858 490 1901 καὶ
522 1867 616 1909 σοῖς
648 1859 780 1914 ἀραία
813 1858 854 1913 γ’
893 1856 1003 1901 οὖσα
1036 1860 1236 1915 τυγχάνω
1270 1860 1433 1914 δόμοις.

275 1934 354 1972 ΙΑ.
418 1932 476 1980 ὡς
509 1930 562 1971 οὐ
594 1937 829 1985 κρινοῦμαι
861 1930 1003 1972 τῶνδέ
1033 1942 1104 1972 σοι
1136 1932 1187 1972 τὰ
1219 1932 1412 1972 πλείονα.

423 2000 536 2052 ἀλλ’,
569 2006 611 2043 εἰ
639 2018 678 2042 τι
711 2003 863 2055 βούλει
895 2000 1048 2043 παισὶν
1080 2001 1106 2055 ἢ
1140 2008 1302 2056 σαυτῆς
1334 2008 1454 2056 φυγῇ
1699 2014 1768 2044 610

423 2072 751 2128 προσωφέλημα
783 2073 1017 2127 χρημάτων
1051 2073 1166 2126 ἐμῶν
1199 2075 1366 2126 λαβεῖν,

422 2142 533 2197 λέγ’·
572 2144 630 2193 ὡς
661 2143 832 2198 ἕτοιμος
863 2144 1052 2201 ἀφθόνῳ
1086 2145 1243 2185 δοῦναι
1276 2143 1369 2199 χερὶ

340 2283 407 2312 585
435 2278 574 2313 ἐκτενεῖ
598 2277 629 2312 σ’
654 2278 728 2313 ES
751 2278 797 2321 (L
825 2284 969 2313 *κτενεῖ
993 2277 1026 2311 σ’
1052 2279 1102 2322 Ρ)
1129 2278 1169 2311 (ι1
1201 2277 1239 2311 in
1271 2289 1385 2322 marg.
1414 2290 1496 2312 cum
1523 2278 1635 2313 schol.
1663 2278 1767 2313 Hom.

246 2344 302 2376 ap.
332 2331 489 2367 Cramer.
523 2332 648 2366 anecd.
677 2331 790 2365 Paris.
812 2331 863 2364 III
888 2344 921 2376 p.
945 2335 1012 2365 225
1046 2334 1083 2365 et
1109 2331 1307 2365 Eustathio
1340 2331 1378 2364 in
1404 2331 1443 2366 Il.
1472 2344 1505 2375 p.
1528 2332 1612 2378 672]
1653 2339 1773 2367 κτενεῖ

245 2383 278 2419 σ’
303 2385 339 2419 Β
366 2396 403 2419 σε
429 2391 551 2419 κτενεῖ
568 2398 591 2419 α
624 2382 691 2419 οὗν
717 2391 838 2419 κτενεῖ
862 2383 894 2418 σ’
915 2397 943 2429 p
1041 2389 1109 2419 588
1136 2382 1238 2428 οἶμαι
1265 2384 1412 2431 Nauck]
1440 2382 1507 2419 οὖν
1534 2386 1576 2419 σὺ
1598 2386 1680 2419 ΒΕ
1704 2383 1770 2420 οὖν

245 2438 349 2482 μοιδ
372 2435 439 2473 οὖν
458 2450 482 2472 α
510 2443 514 2482 Ι
543 2437 726 2482 ὑπηρέτης
744 2439 780 2472 B
808 2449 897 2472 corr.
921 2439 974 2472 Βι
1008 2436 1238 2483 ἐξυπηρέτεις
1258 2450 1278 2472 α
1384 2442 1450 2472 593
1478 2444 1547 2473 νῦν
1573 2440 1611 2472 et
1636 2437 1770 2474 οὕνεκα

246 2491 331 2525 libri
437 2495 506 2525 594
534 2490 710 2538 βασιλέων
737 2491 916 2536 Elmsley]
944 2490 1118 2537 βασιλέως
1143 2491 1230 2525 libri
1333 2495 1401 2525 596
1428 2494 1528 2525 τοῖσί
1550 2498 1627 2531 σοῖς
1651 2492 1771 2526 Bothe

275 2543 497 2589 ὁμοσπόροις
522 2546 558 2578 Β
597 2556 685 2580 corr.
715 2546 734 2578 b
879 2549 946 2579 597
987 2544 1117 2590 ἔρυμα]
1158 2543 1247 2588 ἕρμα
1287 2544 1426 2578 Usener
1459 2546 1463 2589 Ι
1499 2546 1664 2589 δώμασιν
1690 2545 1724 2579 L

246 2603 312 2632 599
343 2597 460 2640 wigor„
486 2598 554 2633 aP
588 2609 670 2632 cum
703 2597 862 2632 Stobaeo
889 2597 922 2632 fl.
944 2601 1006 2641 93,
1033 2599 1069 2644 5]
1108 2596 1219 2639 κνίζει
1240 2610 1260 2632 r
1296 2597 1347 2642 (in
1380 2598 1420 2631 E
1456 2597 1610 2632 dubium
1647 2600 1772 2632 uiarum

245 2650 357 2693 κνίζει
384 2663 431 2686 an
457 2650 591 2695 κνίζοι,
624 2651 688 2685 sed
715 2650 810 2684 illud
836 2650 1085 2696 verisimilius)
1189 2654 1256 2684 600
1283 2649 1447 2695 με’τευξαι
1477 2650 1657 2698 Elmsley]
1689 2663 1770 2695 μετ-

246 2705 330 2751 εύξῃ
356 2704 445 2739 libri
566 2708 632 2738 601
661 2703 866 2748 φαίνεσθαι
894 2706 931 2738 et
957 2707 1023 2737 602
1052 2705 1177 2738 δοκεῖν
1203 2703 1338 2738 Reiske
1451 2708 1519 2738 604
1546 2704 1727 2748 φεύξομαι
1747 2706 1771 2739 d

245 2758 343 2801 quod
369 2758 502 2802 probat
523 2757 683 2792 Dindorf
753 2761 819 2791 605
847 2756 962 2801 μηδὲν
989 2769 1076 2791 corr.
1104 2757 1142 2790 in
1169 2756 1299 2801 μηδέν’
1323 2758 1357 2792 L
1441 2762 1507 2792 608
1534 2758 1648 2801 ἀραῖσι
1675 2755 1709 2802 y'
1735 2758 1772 2791 Ε

294 2815 360 2844 610
392 2825 425 2845 τι
453 2812 504 2846 SI)
537 2813 588 2854 (et
613 2811 697 2846 fort.
725 2812 777 2857 a)]
813 2823 849 2845 τε
877 2811 1005 2862 BEal
1041 2811 1045 2856 Ι
1081 2816 1194 2855 σαυτῇ
1221 2816 1320 2855 φυγὴ
1341 2811 1381 2844 Ε
1410 2816 1523 2855 σαυτῆ
1550 2816 1671 2855 φυγῆς
1690 2811 1724 2845 L

246 2874 311 2904 611
340 2869 600 2914 πρὸσωφέλιμα
620 2871 656 2905 Β
682 2881 771 2905 corr.
794 2871 814 2904 b
848 2859 1120 2914 πρῖισίῗιφέλημα
1141 2870 1180 2903 Ε
1278 2874 1344 2903 612
1371 2868 1463 2915 χειρί
1484 2869 1524 2904 Ε
