1929 3208
775 137 960 168 MHAEIA
1572 133 1627 174 29

284 248 436 296 καινῆς
469 240 515 284 δὲ
548 243 724 297 νύμφης
757 242 891 299 ἱμέρῳ
924 241 1245 297 πεπληγμένος,

283 313 383 355 οὐδ’
419 315 481 363 εἰς
511 314 699 368 ἅμιλλαν
731 314 1001 355 πολύτεκνον
1035 314 1235 366 σπουδὴν
1270 315 1397 367 ἔχων·

284 385 380 434 ἅλις
412 385 494 439 γὰρ
529 385 574 426 οἱ
602 392 786 438 γεγῶτες
817 382 921 426 οὐδὲ
953 384 1198 439 μέμφομαι·

283 454 376 497 ἀλλ’
415 455 472 504 ὡς
504 456 550 497 τὸ
583 453 663 509 μὲν
696 454 902 510 μέγιστον
936 457 1131 510 οἰκοῖμεν
1163 458 1304 504 καλῶς

281 525 353 568 καὶ
385 527 442 581 μὴ
476 528 843 581 σπανιζοίμεσθα,
876 527 1136 580 γιγνώσκων
1168 526 1234 567 ὅτι
1560 536 1627 566 560

283 596 446 651 πένητα
478 598 633 651 φεύγει
665 603 746 646 πᾶς
778 613 842 646 τις
875 596 1073 639 ἐκποδὼν
1107 599 1257 651 φίλος,

284 670 441 718 παῖδας
474 666 519 709 δὲ
552 666 762 722 θρε’ψαιμ’
801 668 929 718 ἀξίως
963 669 1112 722 δόμων
1144 667 1261 727 ἐμῶν

282 741 461 793 σπείρας
493 737 528 779 τ’
565 739 787 792 ἀδελφοὺς
818 746 961 780 τοῖσιν
993 739 1039 780 ἐκ
1072 737 1206 780 σέθεν
1236 736 1405 786 τέκνοις

281 810 324 860 ἐς
355 810 486 851 ταύτὸ
518 811 649 863 θείην
680 808 752 850 καὶ
786 809 1058 863 ξυναρτήσας
1089 809 1216 863 γένος

282 882 609 935 εὐδαιμονοίην.
672 883 748 922 σοί
775 896 819 922 τε
851 881 934 934 γὰρ
967 881 1139 922 παίδων
1169 882 1215 921 τί
1244 880 1330 929 δεῖ;
1561 891 1628 921 565

282 952 383 1006 ἐμοί
410 968 455 993 τε
488 953 582 994 λύει
614 959 728 994 τοῖσι
760 950 997 1005 μέλλουσιν
1029 950 1198 1000 τέκνοις

280 1024 331 1064 τὰ
364 1021 488 1074 ζῶντ’
527 1023 697 1077 ὀνῆσαι.
759 1030 854 1077 μῶν
886 1023 1180 1077 βεβούλευμαι
1212 1029 1372 1071 κακῶς;

281 1092 376 1135 οὐδ’
415 1093 469 1135 ἂν
501 1095 557 1135 σὺ
590 1096 744 1148 φαίης,
777 1098 820 1135 εἴ
847 1105 895 1136 σε
926 1095 984 1148 μὴ
1016 1095 1154 1144 κνίζοι
1186 1092 1322 1148 λέχος.

281 1163 374 1207 ἀλλ’
413 1165 456 1214 ἐς
485 1171 700 1207 τοσοῦτον
732 1163 858 1219 ἤκεθ’
895 1162 998 1207 ὥστ’
1035 1163 1316 1219 ὀρθουμένης

284 1236 413 1290 εὐνῆς
443 1244 648 1290 γυναῖκες
679 1235 803 1278 πάντ’
841 1238 956 1291 ἔχειν
988 1238 1201 1291 νομίζετε,
1562 1246 1629 1276 570

281 1306 337 1360 ἢν
371 1306 410 1348 δ’
446 1304 502 1348 αὖ
533 1310 713 1362 γένηται
745 1308 949 1362 ξυμφοροέ
981 1323 1045 1357 τις
1078 1307 1121 1356 ἐς
1153 1306 1296 1361 λε’χος,

280 1379 332 1419 τὰ
365 1382 508 1435 λῷστα
539 1377 612 1420 καὶ
644 1379 851 1420 κάλλιστα
882 1379 1184 1433 πολεμιώτατα

282 1451 477 1490 τίθεσθε.
540 1455 651 1504 χρῆν
681 1451 765 1504 γὰρ
797 1449 992 1492 ἄλλοθέν
1023 1455 1166 1491 ποθεν
1199 1450 1385 1504 βροτοὺς

280 1521 439 1569 παῖδας
469 1525 756 1573 τεκνοῦσθαι,
789 1525 910 1575 θῆλυ
943 1520 982 1562 δ’
1019 1522 1100 1563 οὐκ
1132 1517 1246 1562 εἶναι
1280 1519 1424 1574 γένος·

279 1591 446 1646 χοῦτως
477 1590 532 1634 ἂν
564 1592 645 1634 οὐκ
676 1589 732 1646 ἦν
764 1590 897 1634 οὐδὲν
929 1592 1185 1646 ἀνθρώποις
1215 1592 1362 1633 κακόν.
1557 1601 1624 1631 575

137 1665 223 1703 XO.
281 1661 440 1716 Ἰᾶσον,
473 1659 522 1704 εὖ
553 1661 633 1715 μὲν
666 1661 815 1705 τούσδ’
855 1663 1099 1717 ἐκόσμησας
1131 1665 1310 1716 λόγους’

279 1734 394 1788 ὅμως
426 1732 465 1775 δ’
504 1735 666 1788 ἔμοιγε,
696 1735 766 1775 κεί
794 1735 911 1787 παρὰ
942 1737 1124 1788 γνώμην
1157 1733 1261 1789 ε’ρῶ,

281 1805 423 1855 δοκεῖς
454 1806 650 1860 προδοὺς
682 1806 766 1860 σὴν
798 1806 960 1860 ἄλοχον
992 1805 1045 1847 οὐ
1078 1806 1224 1847 δίκαια
1258 1805 1381 1858 δρᾶν.

102 1877 207 1916 ΜΗ.
275 1872 302 1929 ἦ
333 1877 474 1918 πολλὰ
505 1880 685 1926 πολλοῖς
718 1878 805 1932 εἰμι
839 1877 1055 1931 διάφορος
1087 1879 1271 1930 βροτῶν.

279 1945 374 2001 ἐμοὶ
409 1948 492 2003 γὰρ
525 1948 643 1997 ὅστις
675 1948 827 1997 ἄδικος
859 1948 922 1989 ὢν
954 1949 1093 2002 σοφὸς
1126 1946 1269 2002 λέγειν
1556 1957 1624 1987 580

279 2017 467 2073 πέφυκε,
498 2021 708 2072 πλείστην
741 2021 896 2074 ζημίαν
928 2019 1205 2074 ὀφλισκάνει·

279 2089 454 2145 γλώσσῃ
488 2092 571 2145 γὰρ
604 2090 751 2145 αὐχῶν
783 2089 923 2132 τᾶδικ’
961 2087 1011 2132 εὖ
1042 2093 1331 2143 περιστελεῖν,

278 2163 416 2216 τολμᾷ
448 2169 739 2216 πανουργεῖν·
777 2164 867 2204 ἔστι
901 2159 939 2203 δ’
978 2162 1059 2204 οὐκ
1090 2163 1202 2216 ἄγαν
1234 2163 1383 2216 σοφός.

281 2231 339 2280 ὡς
370 2231 442 2273 καὶ
474 2234 529 2275 σὺ
561 2235 620 2287 μή
652 2249 737 2274 νυν
768 2234 830 2282 εἰς
862 2231 927 2287 ἔμ’
965 2233 1196 2288 εὐσχήμων
1227 2231 1332 2288 γένῃ

195 2399 263 2430 560
289 2394 564 2440 σπανιζόμεσθα
584 2397 620 2431 Β
646 2395 917 2441 σπανιζοίμεθα
938 2396 966 2432 S
991 2397 995 2443 Ι
1024 2397 1236 2443 γιγνώσκων
1250 2397 1290 2431 Ε
1297 2397 1370 2443 bs]
1398 2397 1588 2442 γινώσκων
1608 2409 1627 2431 r

149 2452 215 2483 561
244 2450 362 2495 φεύγη
384 2450 420 2484 Β
449 2450 453 2496 Ι
482 2448 600 2494 φίλων
620 2450 783 2494 Elmsley
893 2454 960 2484 562
988 2449 1044 2496 δὲ]
1070 2462 1108 2484 τε
1129 2450 1157 2485 S
1257 2453 1325 2484 564
1351 2448 1581 2492 συναρτήσας
1602 2451 1628 2483 S

105 2503 109 2547 Ι
133 2512 277 2536 versum
302 2503 404 2538 delei:
427 2503 562 2537 Nauck
670 2507 738 2538 565
765 2504 1050 2548 εὐδαιμονοῖμεν
1076 2502 1239 2547 Elmsley
1343 2506 1410 2536 566
1438 2500 1627 2546 μέλλουσιν

102 2556 174 2601 Εἰ]
202 2554 368 2599 μέλλουσι
387 2569 407 2592 r
518 2561 584 2591 567
611 2556 657 2591 τὰ
683 2555 714 2591 σ’
746 2555 823 2592 ὄντ’
854 2556 1008 2592 Κνίόελῑι
1116 2560 1185 2591 568
1212 2557 1266 2602 σε]
1293 2567 1349 2590 σοι
1371 2556 1408 2589 Ε
1435 2557 1439 2600 Ι
1469 2553 1582 2596 κνίζει
1603 2556 1631 2589 S

150 2612 335 2643 569—571
369 2609 408 2644 in
439 2611 545 2645 textu
577 2610 731 2645 omissos
763 2610 802 2644 in
826 2621 943 2655 marg.
971 2610 1055 2645 add.
1078 2610 1132 2644 B¹
1277 2613 1342 2643 571
1372 2607 1407 2642 δ’
1438 2606 1502 2653 αὖ]
1529 2607 1569 2642 δὲ
1590 2608 1629 2642 Ε

101 2663 146 2697 δ*
168 2662 204 2695 Ρ
227 2660 263 2696 δ’
293 2659 341 2696 αὖ
362 2663 412 2696 Ρι
434 2664 439 2708 Ι
461 2661 625 2708 γένοιται
650 2665 739 2698 mut.
765 2663 805 2697 in
830 2662 982 2709 γένηται
1002 2664 1037 2698 L
1060 2663 1064 2709 Ι
1087 2662 1258 2708 συμφορά
1279 2663 1307 2697 S
1396 2665 1462 2694 573
1489 2667 1582 2706 χρῆν
1602 2662 1629 2695 S

101 2714 226 2760 (ἐχρῆν
252 2716 325 2760 b·)]
365 2715 456 2760 χρὴν
482 2727 505 2750 τι
542 2716 609 2761 χρὴ
634 2729 654 2752 ‘r
688 2717 692 2762 Ι
727 2716 813 2762 γὰρ]
853 2715 914 2760 ἄρ’
944 2717 1127 2751 Porsonus
1162 2718 1166 2761 Ι
1201 2716 1360 2750 ἄλλοθεν
1397 2713 1519 2749 πόθεν
1545 2715 1579 2748 L

102 2772 171 2803 574
208 2768 450 2814 τεκνοῦσθαι]
500 2772 695 2804 πεπᾶσθαι
734 2770 866 2804 Nauck
1020 2774 1088 2804 575
1126 2768 1278 2815 χοῦτως]
1330 2767 1444 2807 οὕτως
1482 2766 1517 2802 δ’
1556 2768 1583 2802 S

102 2831 169 2861 576
196 2815 310 2871 μῗμ*
330 2827 365 2861 L
390 2825 456 2871 μὲν
477 2828 488 2861 z
598 2832 664 2862 577
693 2828 778 2875 ἐρῶ]
804 2828 894 2874 λέγω
915 2829 943 2864 S
1048 2833 1115 2863 579
1144 2827 1164 2872 ἢ
1185 2828 1224 2862 Ε
1331 2831 1399 2861 582
1426 2826 1560 2861 τᾶδικα
1587 2826 1623 2861 δ’

102 2877 142 2914 εὖ
162 2881 202 2914 Ε
296 2884 364 2914 584
391 2881 450 2915 σὺ·
477 2880 525 2925 μὴ
546 2880 580 2915 L
603 2883 607 2925 Ι
630 2895 699 2916 νυν
723 2881 904 2928 Elmsley]
936 2887 1006 2917 νῦν
1031 2881 1118 2916 libri
1142 2884 1146 2926 Ι
1170 2879 1358 2926 εὐσχήμων
1378 2881 1414 2914 Β
