1929 3208
262 156 316 193 «313
799 154 923 185 m‘r'n
935 154 1066 185 11301‘
1096 153 1152 185 ΕΛ
1163 153 1255 184 κ’,ΝΠ

474 262 579 310 θεὸς
613 262 800 315 κεκλήσῃ
833 258 904 301 καὶ
938 261 1198 314 Διοσκόρων
1231 257 1335 313 μέτα

475 333 682 373 σπονδῶν
715 330 912 385 μεθέξεις
945 328 1064 381 ξένιά
1096 328 1133 371 τ’
1171 329 1426 385 ἀνθρώπων
1458 328 1573 385 πάρα

476 402 582 452 ἕξεις
615 399 718 456 μεθ’
754 401 896 456 ἡμῶν·
933 403 1042 451 Ζεὺς
1074 401 1156 455 γὰρ
1190 397 1275 442 ὧδε
1308 400 1526 455 βούλεται.

476 469 529 514 οὗ
563 471 600 514 δ’
640 471 800 527 ὥρισέν
833 484 880 514 σε
913 478 1062 528 πρῶτα
1099 470 1302 521 Μαιάδος
1333 472 1460 521 τόκος
1703 481 1792 512 1670

479 542 685 598 Σπάρτης
719 541 889 598 ἀπάρας
921 550 1008 585 τῶν
1041 541 1135 585 κατ’
1175 542 1369 598 οὐρανὸν
1403 543 1552 597 δόμων

477 615 637 665 κλέψας
671 613 803 669 δέμας
837 615 932 668 σόν,
965 614 1022 668 μὴ
1058 611 1201 668 Πάρις
1232 612 1387 668 γήμειέ
1415 623 1480 666 σε,

477 687 678 741 φρουρὸν
710 683 812 740 παρ’
846 682 999 739 Ἀκτὴν
1031 683 1270 739 τεταμένην
1303 690 1441 738 νῆσον
1474 681 1603 737 λέγω,

470 755 623 810 Ἑλένη
656 757 704 798 τὸ
739 758 894 799 λοιπὸν
927 755 974 798 ἐν
1007 759 1182 811 βροτοῖς
1214 757 1482 809 κεκλήσεται,

478 827 568 870 ἐπεὶ
602 828 764 878 κλοπὰς
796 828 874 878 σὰς
905 826 951 869 ἐκ
985 828 1134 882 δόμων
1167 825 1355 877 ἐδέξατο.
1705 835 1794 866 1675

479 899 550 941 καὶ
583 905 641 956 τῷ
674 901 870 953 πλανήτῃ
904 896 1114 954 Μενέλεῳ
1145 901 1268 940 θεῶν
1299 896 1416 951 πάρα

479 969 690 1026 μακάρων
722 977 942 1013 κατοικεῖν
975 971 1112 1023 νῆσόν
1144 968 1233 1010 ἐστι
1266 970 1503 1022 μόρσιμον·

480 1043 582 1091 τοὺς
615 1041 809 1095 εὐγενεῖς
840 1042 924 1095 γὰρ
958 1040 1011 1082 οὐ
1048 1046 1259 1094 στυγοῦσι
1292 1039 1512 1094 δαίμονες,

480 1121 568 1155 τῶν
601 1111 639 1155 δ’
679 1112 996 1167 ἀναριθμήτων
1029 1112 1196 1166 μᾶλλόν
1228 1111 1341 1152 εἰσιν
1374 1110 1419 1152 οἶ
1446 1111 1588 1151 πόνοι.

268 1187 438 1227 ΘΕΟΚ.
482 1181 515 1226 ὦ
548 1186 675 1226 παῖδε
710 1185 863 1238 Λήδας
893 1181 967 1224 καὶ
1000 1184 1124 1236 Διός,
1155 1182 1207 1223 τὰ
1239 1179 1319 1235 μὲν
1350 1180 1490 1236 πάρος
1708 1190 1798 1220 1680

481 1257 601 1309 νείκη
635 1256 817 1308 μεθήσω
853 1261 980 1307 σφῶν
1011 1254 1276 1307 κασιγνήτης
1307 1250 1423 1306 πέρι·

489 1326 572 1379 ε’γὼ
608 1321 647 1367 δ’
685 1324 883 1379 ἀδελφὴν
916 1321 1057 1366 οὐκέτ’
1095 1322 1151 1364 ἂν
1182 1320 1382 1377 κτάνοιμ’
1421 1321 1540 1377 ἐμήν.

482 1399 603 1451 κείνη
638 1394 675 1438 δ’
714 1400 791 1437 ἴτω
822 1396 932 1449 πρὸς
965 1391 1105 1449 οἷκον,
1136 1395 1177 1436 εί
1206 1398 1331 1443 θεοῖς
1363 1394 1495 1435 δοκεῖ.

484 1473 607 1510 ἰστον
641 1464 680 1509 δ’
717 1467 896 1522 ἀρίστης
928 1463 1295 1521 σωφρονεστάτης
1326 1463 1374 1506 θ’
1411 1465 1498 1518 ἅμα

483 1535 635 1593 γεγῶτ’
673 1538 866 1592 ἀδελφῆς
898 1537 1142 1592 ὁμογενοῦς
1175 1534 1249 1591 ἀφ’
1287 1535 1479 1590 αἵματος.
1711 1544 1799 1575 1685

483 1609 554 1652 καὶ
587 1607 758 1664 χαίρεθ’
788 1607 967 1662 (Ελένης
998 1604 1128 1650 εἵνεκ’
1167 1604 1480 1661 εὐγενεστάτης

485 1666 674 1736 γνώμης,
707 1680 730 1722 ὃ
763 1683 946 1729 πολλαῖς
978 1679 1025 1721 έν
1058 1677 1261 1733 γυναιξὶν
1295 1677 1375 1720 οὐκ
1408 1679 1485 1719 ἔνι.

278 1757 363 1795 ΧΟ.
486 1751 645 1794 πολλαὶ
677 1749 846 1806 μορφαὶ
878 1757 965 1792 τῶν
1000 1751 1259 1804 δαιμονίων,

484 1824 625 1865 πολλὰ
657 1821 697 1865 δ’
735 1821 927 1871 ἀέλπτως
958 1823 1190 1875 κραίνουσι
1221 1821 1339 1863 θεοί·

484 1892 556 1935 καὶ
588 1894 640 1935 τὰ
673 1891 906 1947 δοκηθέντ’
945 1891 1026 1933 οὐκ
1058 1890 1282 1945 ἐτελέσθη,
1711 1900 1801 1930 1690

485 1972 573 2007 τῶν
607 1962 646 2006 δ’
685 1964 913 2019 ἀδοκήτων
945 1965 1086 2017 πόρον
1118 1958 1227 2017 ηὗρε
1259 1963 1374 2011 θεός.

486 2031 652 2078 τοιόνδ’
689 2034 826 2089 ἀπέβη
859 2035 959 2076 τόδε
992 2039 1181 2088 πρᾶγμα.

372 2151 459 2181 1667
474 2159 526 2191 sq.
560 2148 621 2181 καὶ
651 2176 657 2181 .
687 2177 692 2181 .
722 2144 888 2191 μεθέξεις
920 2144 1020 2179 delet
1052 2145 1090 2178 F.
1119 2143 1186 2179 Gn.
1216 2143 1384 2178 Schmidt
1491 2145 1581 2177 1670
1608 2153 1645 2176 σε
1678 2153 1803 2188 apogr.

275 2200 408 2243 Paris,
438 2211 494 2234 σοι
522 2200 598 2234 LG
627 2201 631 2244 1
661 2197 704 2234 οὗ
731 2198 767 2233 δ’
798 2196 929 2246 ᾤκισέν
956 2209 992 2232 σε
1019 2197 1057 2232 F.
1080 2196 1148 2231 Gn.
1171 2196 1339 2231 Schmidt
1460 2199 1551 2230 1670
1567 2207 1619 2240 sq.
1647 2195 1731 2230 fort.
1759 2193 1803 2230 οὗ

276 2253 309 2287 δ’
342 2254 459 2297 ἱδρύει
492 2265 528 2287 σε
561 2259 634 2287 τῶν
661 2251 711 2287 δι’
743 2250 897 2296 αἰθέρος
929 2248 1076 2294 δρόμων
1108 2247 1269 2295 (δρόμων
1294 2249 1424 2293 Paley)
1451 2247 1626 2293 Σπάρτης
1658 2247 1806 2292 ἀπάρας

275 2313 401 2350 πρῶτα
427 2305 605 2346 ,Μαιάδος
631 2304 738 2345 τόκος
855 2308 943 2338 1671
970 2310 1043 2338 τῶν
1070 2313 1247 2347 supersor.
1277 2303 1320 2337 ὸν
1346 2302 1397 2346 L,
1427 2301 1491 2336 τὸν
1520 2302 1552 2335 G
1585 2303 1588 2347 Ι
1621 2307 1694 2336 τῶν
1720 2299 1801 2336 κατ’

275 2361 417 2403 (malim
443 2359 550 2404 παρ’)
579 2359 758 2403 Εὐρώταν
783 2358 919 2393 Reiske
1008 2361 1097 2391 1672
1125 2358 1316 2401 suspectus
1343 2358 1445 2399 (1671
1460 2366 1512 2398 sq.
1541 2354 1692 2389 delebat
1717 2353 1805 2388 olim

275 2413 445 2458 Dindorf,
467 2413 528 2448 cfr.
549 2415 654 2457 1675)
738 2415 828 2446 1673
850 2410 1032 2456 φρουρὸν]
1053 2410 1253 2453 Hermann,
1275 2414 1440 2453 φρουροῦ
1461 2408 1538 2442 LG
1561 2409 1565 2452 1
1587 2404 1804 2452 τεταμένην]

278 2467 424 2510 Reiske,
457 2463 657 2511 τεταγμένη
684 2465 762 2500 LG
785 2465 789 2510 l
812 2469 951 2508 μνῆσον
978 2465 1016 2497 eb
1040 2462 1079 2496 in
1105 2474 1220 2507 marg.
1248 2461 1429 2507 γράφεται
1457 2466 1570 2506 νῆσον
1595 2461 1640 2504 L,
1667 2464 1807 2504 μνῆσον

283 2522 326 2561 G,
355 2526 483 2565 μνῆσοι
512 2532 534 2565 {l
639 2522 727 2553 1675
756 2517 821 2557 σὰς
848 2529 916 2552 om.
945 2516 1034 2559 LG,
1062 2515 1147 2550 add.
1175 2516 1196 2558 7,
1224 2513 1406 2549 κλοπαίαν
1433 2512 1465 2548 ‹5'
1489 2513 1713 2548 Herwerden

282 2578 372 2608 1679
400 2573 500 2608 delet
525 2572 708 2616 Hartung,
737 2574 837 2605 1678.
868 2573 957 2604 1679
985 2569 1145 2603 Schenkl
1250 2572 1339 2602 1681
1366 2568 1449 2602 fort.
1477 2572 1581 2611 σφῶν
1606 2564 1806 2611 κασιγνήτῃ

278 2626 386 2672 χάριν
486 2628 576 2659 1685
603 2623 768 2668 ἀδελφοῦ
795 2625 837 2657 ut
862 2622 933 2656 vid.
958 2622 1001 2666 G,
1029 2622 1193 2666 ἀδελφῆς
1217 2633 1239 2667 (s
1262 2623 1266 2666 Ι
1290 2620 1504 2666 ὁμογενοῦς]
1527 2619 1672 2663 Canter,
1697 2630 1807 2663 μονο-

280 2685 408 2725 γενοῦς
428 2679 505 2714 LG
591 2680 681 2711 1686
708 2677 771 2711 καὶ
792 2687 861 2711 om.
885 2675 929 2719 G,
957 2675 1040 2709 add.
1062 2687 1084 2720 {J
1106 2676 1110 2719 Ι
1133 2671 1255 2709 οὕνεκ’
1281 2672 1359 2707 LG
1443 2675 1532 2706 1687
1553 2670 1638 2706 fort.
1659 2669 1807 2716 γνώμην

377 2735 464 2765 1691
489 2728 594 2774 εὗρεν
618 2731 661 2774 G,
690 2727 771 2773 εὗρε
791 2741 822 2775 9.
869 2728 1013 2763 Subscr.
1036 2725 1229 2771 εὐριπίδου
1256 2724 1358 2770 εἷλένη
1383 2737 1466 2760 cum
1485 2735 1612 2758 rasura
1632 2725 1808 2768 quattuor

280 2785 336 2820 vel
363 2784 527 2828 quinque
554 2784 746 2818 literarum
774 2784 859 2817 ante
886 2779 1080 2825 εὐριπίδου
1101 2778 1214 2826 (τέλος
1234 2790 1379 2814 erasum
1398 2777 1558 2822 videtur)
1578 2776 1616 2810 in
1637 2776 1682 2820 L,
1708 2773 1809 2815 τέλος

281 2837 473 2882 εὐριπίδου
501 2835 624 2882 ἑλένης
649 2837 687 2870 in
716 2836 749 2871 G
