1929 3208
755 124 968 157 ΚΤΚΛΩΨ
1592 123 1644 166 15

295 233 547 287 Γεραίστιοί
575 247 619 274 τε
652 232 923 286 καταφυγαί,
955 231 1007 272 τὰ
1039 227 1079 272 δ’
1111 228 1321 280 Ἑλλάδος
1575 240 1643 271 295

293 303 527 358 δύσφρονά
559 301 599 357 γ’
631 302 780 356 ὀνείδη
818 301 987 357 Φρυξὶν
1019 301 1100 343 οὐκ
1132 300 1372 354 ἐδώκαμεν·

293 371 356 416 ὧν
388 374 460 416 καὶ
492 375 547 415 σὺ
578 379 736 416 κοινοῖ·
769 379 849 427 γῆς
880 374 964 427 γὰρ
991 370 1200 422 Ἑλλάδος
1231 373 1398 426 μυχοὺς

293 446 427 494 οἰκεῖς
457 442 533 486 ὑπ’
564 444 730 498 Αἴτνης
761 449 812 498 τῇ
845 442 1123 498 πυριστάκτῳ
1155 441 1302 498 πέτρα.

293 517 427 569 νόμος
459 515 508 557 δὲ
540 520 743 570 θνητοῖς,
776 515 814 556 εἰ
847 515 1006 568 λόγους
1038 512 1313 571 ἀποστρέφῃ,

298 586 438 637 ἱκέτας
470 585 679 641 δέχεσθαι
711 586 920 635 ποντίους
952 583 1265 638 ἐφθαρμένους
1578 594 1646 625 300

295 657 414 708 ξένιά
446 673 491 699 τε
523 657 682 699 δοῦναι
713 657 786 699 καὶ
817 656 999 705 πέπλοις
1031 654 1285 710 ἐπαρκέσαι,

295 728 376 771 οὐκ
408 728 520 783 ἀμφὶ
552 729 815 783 βουπόροισι
847 726 1098 782 πηχθέντας
1129 725 1235 780 μέλη

295 800 490 853 ὀβελοῖσι
521 800 665 854 νηδὺν
696 799 768 840 καὶ
800 798 975 852 γνάθον
1006 800 1168 851 πλῆσαι
1200 796 1346 839 σέθεν.

295 871 391 920 ἅλις
422 870 472 912 δὲ
503 869 711 924 Πριάμου
743 868 834 923 γαῖ’
864 866 1047 924 ἐχήρωσ’
1079 867 1288 922 Ἑλλάδα,

295 944 472 983 πολλῶν
503 948 673 994 νεκρῶν
704 946 867 982 πιοῦσα
899 940 1106 994 δοριπετῆ
1140 940 1299 994 φόνον,
1581 949 1649 980 305

295 1012 482 1066 ἀλόχους
512 1009 549 1052 τ’
581 1010 831 1065 ἀνάνδρους
862 1016 1001 1065 γραῦς
1031 1007 1068 1051 τ’
1100 1010 1288 1059 ἄπαιδας
1320 1010 1454 1051 ὤλεσε

294 1082 476 1132 πολιούς
506 1097 552 1124 τε
583 1081 783 1137 πατέρας.
845 1082 884 1123 εἰ
915 1081 964 1123 δὲ
995 1082 1099 1131 τοὺς
1131 1080 1438 1134 λελειμμένους

295 1156 350 1196 σὺ
383 1153 680 1208 συμπυρώσας
712 1152 824 1195 δαῖτ’
855 1152 1096 1202 ἀναλώσεις
1127 1152 1303 1207 πικράν,

298 1231 374 1267 ποῖ
404 1223 611 1279 τρέψεταί
638 1239 722 1276 τις;
754 1221 851 1266 ἀλλ’
883 1222 979 1277 ἐμοὶ
1011 1228 1171 1278 πιθοῦ,
1203 1223 1419 1274 Κύκλωψ·

296 1295 430 1350 πάρες
460 1296 509 1338 τὸ
541 1293 713 1350 μάργον
745 1302 824 1350 σῆς
855 1295 1051 1349 γνάθου,
1083 1295 1132 1337 τὸ
1165 1295 1208 1336 δ’
1237 1294 1415 1348 εὐσεβὲς
1582 1304 1650 1336 310

296 1374 371 1422 τῆς
403 1367 662 1420 δυσσεβείας
693 1366 905 1409 ἀνθελοῦ·
938 1370 1142 1408 πολλοῖσι
1173 1366 1257 1421 γὰρ

295 1438 428 1492 κέρδη
461 1439 635 1492 πονηρὰ
667 1439 822 1493 ζημίαν
852 1437 1078 1492 ἠμείψατο.

158 1512 233 1551 ΣΙ.
297 1508 559 1562 παραινέσαι
591 1519 662 1550 σοι
693 1509 926 1562 βούλομαι·
959 1515 1048 1550 τῶν
1079 1508 1163 1563 γὰρ
1195 1515 1338 1562 κρεῶν

299 1579 437 1634 μηδὲν
470 1581 598 1638 λίπῃς
629 1577 772 1622 τοῦδ’·
804 1579 861 1635 ἣν
893 1579 942 1622 δὲ
973 1580 1054 1634 τὴν
1085 1582 1292 1634 γλῶσσαν
1325 1578 1479 1637 δάκῃς,

297 1651 464 1704 κομψὸς
495 1653 659 1710 γενήσῃ
689 1650 763 1693 καὶ
795 1652 1070 1705 λαλίστατος,
1102 1651 1312 1701 Κύκλωψ.
1582 1661 1650 1692 315

146 1724 240 1764 ΚΤ.
303 1721 325 1764 ὁ
358 1725 571 1776 πλοῦτος,
604 1721 910 1778 ἀνθρωπίσκε,
941 1728 1033 1772 τοῖς
1065 1728 1224 1777 σοφοῖς
1254 1723 1380 1776 θεός,

297 1794 349 1835 τὰ
381 1792 421 1834 δ’
451 1793 561 1835 ἄλλα
591 1794 752 1847 κόμποι
782 1793 856 1835 καὶ
887 1795 1032 1848 λόγων
1064 1793 1296 1848 εὐμορφία.

297 1864 432 1918 ἄκρας
463 1863 502 1905 δ’
532 1861 709 1914 ἐναλίας
739 1863 790 1914 ἃς
820 1865 1089 1919 καθίδρυται
1120 1864 1261 1918 πατὴρ

297 1936 468 1989 χαίρειν
498 1935 678 1977 κελεύω·
712 1936 757 1977 τί
786 1935 888 1977 τάδε
919 1937 1182 1990 προυστήσω
1217 1936 1351 1991 λόγως

301 2006 443 2059 Ζηνὸς
475 2003 515 2046 δ’
546 2003 630 2060 ἐγὼ
662 2006 881 2060 κεραυνὸν
914 2006 966 2048 οὐ
1000 2007 1195 2061 φρίσσω,
1227 2005 1339 2057 ξένε,
1586 2015 1653 2046 320

300 2075 397 2117 οὐδ’
427 2071 515 2118 οἶδ’
545 2076 568 2118 ὅ
600 2092 641 2118 τι
675 2077 787 2126 Ζεύς
818 2075 906 2119 ἐστ’
936 2075 1042 2131 ἐμοῦ
1074 2078 1292 2131 κρείσσων
1323 2077 1442 2126 θεός.

300 2147 352 2188 οὔ
384 2162 458 2200 μοι
490 2145 611 2200 μέλει
642 2148 690 2190 τὸ
724 2149 898 2190 λοιπόν·
931 2148 989 2197 ὡς
1021 2145 1060 2189 δ’
1093 2148 1145 2190 οὔ
1177 2163 1252 2201 μοι
1282 2147 1417 2201 μέλει,

299 2218 504 2260 ἄκουσον.
567 2218 674 2260 ὅταν
705 2219 884 2262 ἄνωθεν
915 2219 1084 2274 ὄμβρον
1117 2217 1263 2277 ἐκχέῃ,

300 2287 349 2330 ἐν
380 2289 484 2344 τῇδε
516 2289 653 2346 πέτρᾳ
685 2290 832 2344 στέγν’
862 2287 944 2345 ἔχω
978 2290 1239 2345 σκηνώματα

148 2442 216 2474 295
241 2438 287 2474 τὰ
313 2440 368 2486 δ’]
400 2440 611 2484 Kitchhoff,
648 2441 695 2476 τά
725 2442 773 2476 θ’
798 2442 833 2477 L
930 2445 998 2477 296
1031 2442 1217 2486 δύσφρον’
1243 2443 1295 2484 L,
1334 2440 1528 2484 δύσφρονά
1560 2440 1598 2484 γ’
1631 2440 1655 2483 l,

89 2491 260 2536 δύσφορά
286 2493 324 2537 γ’
345 2503 471 2537 apogr.
498 2493 626 2537 Paris„
652 2493 735 2529 fort.
763 2495 931 2539 ὃύσφημ’
1029 2498 1095 2529 297
1123 2495 1260 2541 κοινοῖ]
1289 2493 1443 2535 Seidler,
1470 2498 1599 2527 κοινοῦ
1620 2493 1654 2528 L

148 2548 216 2580 298
257 2545 408 2592 Αἴτνης]
452 2546 659 2589 Hermann,
704 2546 811 2592 αἴτνη
855 2548 890 2583 L
918 2549 923 2593 Ι
951 2549 1037 2592 post
1082 2548 1181 2583 hunc
1221 2559 1252 2582 v.
1300 2547 1475 2581 lacunam
1522 2546 1655 2580 statuiss

89 2599 127 2633 L.
143 2597 315 2643 Spengel,
341 2599 405 2634 cfr.
428 2603 495 2634 320
552 2603 619 2634 299
644 2598 772 2646 νόμος]
793 2600 1006 2646 Musgrave,
1033 2598 1161 2645 νόμοις
1181 2602 1215 2636 L
1237 2602 1242 2645 Ι
1265 2600 1312 2646 εἰ]
1333 2599 1480 2641 Reiske,
1507 2599 1559 2639 εἰς
1585 2599 1619 2634 L
1649 2600 1651 2643 j

89 2650 235 2698 λόγους]
262 2651 345 2686 fort.
372 2652 484 2697 λιτὰς,
510 2652 574 2687 cfr.
601 2653 732 2688 Aesoh.
755 2653 853 2698 Sept.
876 2658 943 2688 612
1043 2656 1111 2688 300
1136 2651 1326 2699 ποντίους]
1355 2653 1439 2687 fort.
1460 2650 1656 2692 ναυτίλους

152 2708 220 2739 305
255 2705 438 2750 δορυπετῆ
476 2706 511 2740 L
608 2708 674 2740 306
711 2705 842 2741 ὤλεσεν
880 2707 893 2742 l
989 2710 1056 2741 307
1092 2706 1244 2746 πολιούς
1279 2718 1317 2740 τε
1354 2703 1531 2751 πατέρας]
1570 2705 1653 2740 fort.

89 2757 229 2798 παῖδάς
253 2758 289 2792 τ’
316 2757 507 2802 ἀπάτορας
591 2762 659 2792 313
685 2759 771 2806 γὰρ]
793 2759 859 2804 μὲν
879 2760 1018 2794 Aldina
1104 2763 1172 2794 314
1199 2758 1254 2805 δὲ]
1276 2758 1453 2803 Lenting,
1479 2771 1516 2792 τε
1538 2759 1572 2793 L

92 2814 160 2846 316
184 2816 245 2845 τοῑ
276 2811 322 2855 L,
356 2816 433 2851 τοῖς
467 2812 479 2846 l
582 2815 649 2846 317
676 2811 876 2858 εὐμορφία]
912 2812 1059 2856 Nauck,
1094 2810 1294 2856 εὐμορφίαι
1328 2813 1362 2847 L
1467 2814 1534 2846 318
1571 2811 1654 2847 fort.

91 2862 260 2904 ἐναλίους
285 2861 344 2904 αἶς
375 2862 450 2909 (αἶς
481 2864 594 2899 etiam
621 2864 748 2909 Paley)
847 2868 912 2899 321
941 2864 964 2900 ὅ
986 2866 1035 2911 τι]
1063 2863 1158 2900 ὅπου
1184 2864 1363 2909 Blaydes,
1389 2865 1473 2900 fort.
1501 2863 1571 2912 ὅτῳ
