1929 3208
250 150 306 190 52ss
902 145 1171 177 ΕΥΡΙΠΙΔΟΥ

465 253 554 308 τάχ’
586 253 628 303 ἐξ
661 253 871 302 ἀναιδοῦς
904 253 1105 307 φάρυγος
1136 252 1304 307 ὠθήσει
1335 251 1449 306 κρέα.

464 325 596 374 δαλὸς
628 322 667 365 δ’
700 322 871 366 ἔσωθεν
904 323 1071 365 αὐλίων
1103 324 1215 365 ὠθεῖ
1246 325 1426 366 καπνόν.

464 395 833 450 παρευτρέπισται
865 395 904 436 δ’
936 395 1069 437 οὐδὲν
1102 395 1208 437 ἄλλο
1241 396 1357 450 πλὴν
1389 402 1563 451 πυροῦν

466 468 710 517 Κύκλωπος
743 467 864 517 ὄψιν·
893 465 987 508 ἀλλ’
1019 467 1136 516 ὅπως
1169 465 1281 521 ἀνὴρ
1314 465 1401 525 ἔσῃ.
1750 454 1816 510 695

314 542 400 581 ΧΟ.
464 538 623 592 πέτρας
654 539 702 580 τὸ
737 542 849 592 λῆμα
881 538 1157 591 κάδάμαντος
1189 537 1351 591 ἕξομεν.

464 610 593 663 χώρει
626 609 664 650 δ’
696 608 739 659 ἐς
771 609 939 663 οἴκους,
972 610 1078 663 πρίν
1110 625 1151 650 τι
1183 610 1261 651 τὸν
1293 608 1457 664 πατέρα
1488 613 1653 652 παθεῖν

464 681 738 734 ἀπάλαμνον·
773 681 830 730 ὥς
862 692 932 722 σοι
965 678 1151 723 τάνθάδ’
1183 679 1303 723 ἐστὶν
1335 681 1533 735 εὐτρεπῆ.

310 756 399 794 ΟΔ.
454 750 683 807 ’Ἡφαιστ’,
715 752 822 802 ἅναξ
855 753 1058 806 Αἰτναῖε,
1091 753 1289 806 γείτονος
1313 758 1450 794 κακοῦ

465 825 666 878 λαμπρὸν
697 825 905 878 πυρώσας
938 822 1038 878 ὄμμ’
1071 823 1383 879 ἀπαλλάχθηθ’
1415 823 1546 878 ἅπαξ,
1750 835 1818 866 600

464 896 518 937 σύ
553 895 606 949 τ’,
639 893 672 938 ὦ
705 897 913 950 μελαίνης
944 896 1122 945 Νυκτὸς
1154 894 1426 949 ἐκπαίδευμ’,
1447 892 1600 950 ρ’Τπνε,

463 967 649 1020 ἄκρατος
681 966 786 1009 ἐλθὲ
817 968 926 1022 θηρὶ
959 975 1017 1023 τῷ
1049 971 1287 1021 θεοστυγεῖ

464 1039 536 1079 καὶ
567 1039 624 1093 μὴ
655 1039 720 1080 ’πὶ
753 1040 1024 1080 καλλίστοισι
1064 1042 1273 1092 Τρωικοῖς
1305 1040 1458 1088 πόνοις

463 1110 600 1151 αὐτόν
631 1125 676 1151 τε
709 1110 872 1160 ναύτας
903 1109 941 1151 τ’
972 1108 1203 1164 ἀπολέσητ’
1236 1109 1447 1151 Ὀδυσσέα

461 1180 537 1222 ὑπ’
567 1180 750 1235 ἀνδρός,
784 1176 819 1238 ᾦ
850 1186 972 1223 θεῶν
1005 1181 1138 1223 οὐδὲν
1169 1181 1195 1235 ἢ
1229 1183 1402 1235 βροτῶν
1433 1180 1564 1234 μέλει.
1750 1191 1817 1222 605

463 1252 488 1306 ἢ
523 1253 602 1306 τὴν
634 1253 772 1307 τύχην
804 1252 885 1306 μὲν
917 1250 1090 1305 δαίμον’
1121 1253 1330 1306 ἡγεῖσθαι
1361 1252 1516 1307 χρεών,

462 1325 514 1365 τὰ
547 1324 772 1377 δαιμόνων
805 1323 854 1365 δὲ
885 1330 961 1378 τῆς
991 1323 1125 1378 τύχης
1157 1322 1385 1365 ἐλάσσονα.

308 1504 397 1544 ΧΟ.
462 1504 643 1557 λήψεται
674 1503 752 1544 τὸν
784 1502 1002 1557 τράχηλον

462 1573 651 1623 ἐντόνως
683 1573 705 1615 ὁ
738 1575 946 1628 καρκίνος

461 1651 540 1687 τοῦ
574 1644 712 1695 ξένων
744 1645 1025 1699 δαιτυμόνος·
1059 1644 1264 1700 πυράγρα
1295 1644 1403 1700 τάχα
1749 1655 1817 1688 610

462 1718 735 1772 φωσςιόρους
767 1716 859 1758 ὀλεῖ
890 1718 1033 1771 κόρας.

460 1788 544 1842 ἤδη
578 1788 712 1837 δαλὸς
742 1787 1087 1842 ἠνθρακωμένος

461 1859 698 1913 κρύπτεται
731 1858 774 1909 ἐς
807 1859 1011 1914 σποδιάν,
1044 1859 1179 1913 δρυὸς
1211 1859 1401 1900 ἄσπετον
1434 1857 1572 1911 ἔρνος.
1749 1869 1816 1901 615

463 1929 558 1972 ἀλλ’
587 1930 663 1972 ἰ’τω
696 1930 884 1984 ΛΙάρων,
916 1929 1163 1985 πρασσέτω·

461 2001 729 2055 μαινομένου
757 2000 927 2052 ’ξελέτω
960 2000 1188 2056 βλέφαρον

463 2073 728 2127 Κύκλωπος,
761 2073 819 2122 ὡς
851 2074 928 2131 πίῃ
960 2079 1113 2123 κακῶς.

461 2144 580 2198 κάγὼ
613 2145 691 2186 τὸν
723 2145 1106 2199 φιλοκισσοφόρον
1138 2145 1333 2199 Βρόμιον
1748 2153 1816 2185 620

462 2216 679 2257 ποθεινὸν
710 2216 894 2257 εἰσιδεῖν
925 2215 1044 2257 θέλω

308 2419 374 2450 592
404 2414 594 2460 φάρυγγος
620 2416 698 2450 LP
793 2418 860 2449 593
889 2415 996 2460 ὠθεῖ]
1022 2414 1132 2458 τύφει
1157 2413 1320 2448 Schenkl
1416 2417 1485 2448 594
1511 2412 1625 2448 πάντ’
1650 2411 1816 2457 εὐτρέπι-

249 2481 330 2504 σται
365 2468 500 2503 κούδὲν
535 2467 733 2502 Kirchhoff
758 2471 761 2511 Ι
791 2467 877 2502 ἄλλο
912 2468 1021 2514 πλὴν]
1055 2468 1139 2502 fort.
1166 2465 1282 2512 ἀργὸν
1313 2465 1336 2511 ἢ
1368 2466 1445 2511 (cfr.
1473 2466 1612 2501 Phoen.
1639 2469 1719 2511 766)

249 2526 316 2557 598
344 2521 579 2567 ἀπάλαμνον]
608 2521 759 2563 Canter,
793 2519 1032 2566 ἀπαλλαγμὸν
1059 2522 1139 2556 LP
1233 2523 1298 2554 601
1329 2520 1371 2554 σὺ
1404 2518 1439 2554 δ’
1464 2519 1624 2564 Blaydes
1652 2522 1658 2565 Ι
1687 2518 1816 2554 ἐκπαί-

250 2576 372 2621 ὃευμ’]
401 2575 485 2610 fort.
513 2573 690 2619 ἐκπίδυμ’
717 2574 786 2619 (vel
813 2573 1002 2619 ἐκφίτυμ’)
1077 2577 1145 2609 604
1172 2573 1325 2619 ναύτας]
1358 2573 1450 2612 ναύς
1476 2574 1512 2608 Ρ
1534 2575 1572 2608 et
1597 2573 1676 2608 sine
1701 2572 1815 2608 dubio

248 2630 299 2671 L,
327 2640 414 2663 nam
446 2630 532 2673 post
564 2642 586 2662 v
611 2639 683 2663 ras.
711 2630 748 2662 et
778 2641 844 2667 τας
870 2639 1049 2672 superscr.
1078 2628 1089 2662 l
1112 2629 1116 2672 Ι
1139 2628 1284 2662 αὐτοῖσι
1310 2627 1464 2666 ναύταις
1490 2624 1686 2671 ἀπολέσητ’
1714 2626 1814 2661 Pier-

249 2694 332 2725 son,
368 2683 452 2717 fort.
480 2683 607 2721 αὐτοῖς
642 2679 802 2724 ἑταίροις
837 2679 1032 2725 ἀπολέσητ’
1134 2684 1201 2715 605
1228 2681 1296 2715 ὑπ’
1323 2681 1374 2723 L,
1410 2678 1476 2714 ἀπ’
1505 2681 1566 2724 ΡΙ
1588 2678 1626 2726 ἢ]
1653 2679 1696 2714 οὐ
1723 2679 1814 2714 Her-

250 2747 363 2770 mann
450 2739 516 2770 607
545 2733 750 2780 δαιμόνων]
776 2734 859 2769 fori).
886 2740 959 2769 τῶν
985 2737 1087 2769 θεῶν
1173 2737 1241 2768 610
1268 2731 1575 2778 ξενοδαιτυμόνος
1599 2732 1810 2778 Hermann}

247 2789 435 2835 πυράγρα]
463 2789 606 2832 scripsi,
632 2788 721 2831 πυρὶ
741 2788 811 2833 γὰρ
832 2788 911 2822 LP
976 2790 1041 2821 615
1069 2787 1283 2833 κρύπτεται]
1305 2787 1388 2821 fort.
1408 2787 1564 2830 τύφεται
1635 2789 1702 2820 617
1729 2798 1813 2830 μαι-

247 2841 404 2886 νομένου
435 2841 591 2888 ’gei-5102]
625 2842 833 2884 Hermann,
866 2838 1088 2886 μαινόμενος
1119 2838 1264 2882 ἐξελέτω
1297 2841 1374 2874 LP
1470 2843 1537 2874 619
1563 2839 1701 2885 κακῶς]
1729 2838 1811 2874 fort.

250 2909 390 2938 πικρως
