1929 3208
274 180 297 217 ,ν

303 179 328 218 [ὗ

905 180 1011 211 ΕΤΡΙ
1021 181 1030 212 Ι
1039 181 1172 212 mmm*

451 289 491 327 εἰ
521 304 544 340 μ
557 292 577 340 η’
611 304 649 327 τι
684 287 1006 339 κερδαίνουσαν
1039 285 1064 339 ἢ
1098 285 1394 340 τεχνωμε’νην;

452 354 549 398 οὐδ’
587 357 641 398 ἂν
673 363 916 410 προσεῖπον
948 354 1044 397 οὐδ’
1082 355 1136 397 ἂν
1168 355 1347 411 ἡψάμην
1380 365 1537 411 χεροῖν.
1731 371 1799 402 370

451 428 473 468 ὃ
508 427 546 468 δ’
586 427 629 476 ἐς
661 434 875 469 τοσοῦτον
908 429 1075 480 μωρίας
1109 427 1308 482 ἀφίκετο,

451 495 552 540 ὥστ’
590 498 688 547 ἐξὸν
721 497 837 554 αὐτῷ
870 494 968 551 τᾶμ’
1004 496 1119 539 ἑλεῖν
1151 499 1427 553 βουλεύματα

449 575 527 622 γῆς
560 568 809 621 ἐκβαλόντι,
841 567 963 621 τήνδ’
1002 569 1164 622 ἐφῆκεν
1195 568 1363 622 ἡμέραν

449 641 598 693 μεῖναί
627 637 691 693 μ’,
723 639 770 680 ἐν
803 633 829 694 ’ᾗ
863 647 978 693 τρεῖς
1009 647 1096 681 τῶν
1131 639 1248 694 ἐμῶν
1280 640 1454 696 ἐχθρῶν
1485 645 1669 696 νεκροὺς

450 713 591 764 θήσω,
623 709 786 765 πατέρα
818 726 863 752 τε
896 709 967 751 καὶ
1000 713 1138 765 κόρην
1170 713 1300 753 πόσιν
1332 710 1367 753 τ’
1407 712 1525 766 ἐμόν.
1731 726 1799 757 375

449 783 614 832 πολλὰς
646 780 686 822 δ’
724 783 883 836 ἔχουσα
915 784 1194 835 θανασίμους
1225 783 1376 833 αὐτοῖς
1408 783 1561 833 ὁδούς,

451 853 530 894 οὐκ
564 850 648 894 οἶδ’
687 853 817 909 ὁποίᾳ
849 859 1024 905 πρῶτον
1058 852 1260 907 ἐγχειρῶ,
1292 856 1439 908 φίλαι,

449 927 636 977 πότερον
668 923 832 977 ὑφάψω
867 925 990 978 δῶμα
1023 925 1246 977 νυμφικὸν
1278 927 1403 979 πυρί,

449 994 476 1049 ἢ
509 997 678 1048 θηκτὸν
712 995 811 1037 ὥσω
845 995 1076 1048 φάσγανον
1109 994 1165 1036 δι’
1204 995 1389 1049 ἥπατος,

450 1073 549 1121 σιγῇ
584 1068 748 1120 δόμους
779 1064 927 1120 ἐσβᾶσ’
965 1065 1023 1107 ἵν’
1061 1067 1271 1120 ἕστρωται
1304 1065 1437 1122 λέχος.
1732 1079 1801 1110 380

450 1133 543 1179 ἀλλ’
579 1136 628 1179 ἕν
659 1138 706 1178 τί
732 1152 806 1190 μοι
839 1139 1098 1190 πρόσαντες·
1136 1139 1176 1179 εἰ
1206 1140 1495 1193 ληφθήσομαι

454 1210 619 1263 δόμους
651 1209 980 1262 ὑπερβαίνουσα
1013 1207 1085 1250 καὶ
1116 1208 1386 1263 τεχνωμένη,

450 1284 656 1321 θανοῦσα
688 1281 815 1333 θήσω
847 1287 938 1329 τοῖς
971 1280 1090 1334 ἐμοῖς
1123 1279 1301 1335 ἐχθροῖς
1333 1279 1485 1334 γε’λων.

450 1351 657 1403 κράτιστα
692 1351 772 1404 τὴν
805 1350 1002 1403 εὐθεῖαν,
1035 1345 1062 1406 ᾗ
1095 1351 1351 1405 πεφύκαμεν

451 1421 583 1476 σοφοὶ
617 1422 825 1476 μάλιστα,
857 1422 1105 1476 φαρμάκοις
1137 1422 1299 1471 αὐτοὺς
1330 1421 1455 1464 ἑλεῖν.
1733 1434 1800 1465 385

451 1490 555 1535 εἷεν·

451 1563 521 1605 καὶ
557 1565 610 1617 δὴ
643 1568 845 1605 τεθνᾶσι·
885 1566 950 1613 τίς
982 1580 1033 1618 με
1067 1564 1234 1616 δέξεται
1265 1565 1410 1615 πόλις;

451 1638 516 1685 τίς
547 1641 630 1689 γῆν
663 1636 829 1677 ἄσυλον
862 1634 934 1677 καὶ
967 1636 1132 1690 δόμους
1166 1635 1400 1690 ἐχεγγύους

452 1705 576 1757 ξένος
607 1707 846 1760 παρασχὼν
879 1706 1057 1759 ῥύσεται
1089 1707 1253 1760 τούμὸν
1287 1706 1439 1761 δέμας;

453 1777 533 1819 οὐκ
566 1779 668 1819 ἔστι.
732 1777 901 1831 μείνασ’
939 1774 1021 1819 οὗν
1055 1780 1116 1820 ἔτι
1150 1779 1335 1832 σμικρὸν
1367 1780 1546 1833 χρόνον,

451 1847 506 1902 ἢν
538 1847 618 1902 μέν
650 1864 716 1898 τις
748 1848 853 1903 ἡμῖν
885 1850 1052 1902 πύργος
1084 1849 1284 1903 ἀσφαλὴς
1316 1856 1456 1904 φανῇ,
1732 1861 1801 1891 390

456 1921 571 1976 δόλῳ
605 1919 771 1974 μέτειμι
803 1921 933 1962 τόνδε
966 1919 1038 1962 καὶ
1070 1926 1170 1976 σιγῇ
1203 1922 1364 1976 φόνον·

452 1991 506 2045 ἢν
542 1988 580 2031 δ’
618 1990 826 2047 ἐξελαύνῃ
861 1990 1064 2046 ξυμφορά
1096 1987 1138 2046 μ’
1175 1991 1419 2046 ἀμήχανος,

454 2062 562 2115 αὐτὴ
597 2064 723 2117 ξίφος
755 2065 971 2116 λαβοῦσα,
1005 2065 1073 2105 κεί
1100 2063 1243 2117 μέλλω
1276 2067 1448 2115 θανεῖν,

452 2141 589 2175 κτενῶ
623 2145 730 2188 σφε,
761 2136 922 2188 τόλμης
955 2132 993 2175 δ’
1031 2131 1120 2189 εἶμι
1151 2137 1260 2190 πρὸς
1291 2137 1339 2176 τὸ
1372 2137 1597 2188 καρτερόν.

369 2343 437 2373 373
465 2338 677 2385 ἐκβάλλοντι
692 2340 727 2373 Β
749 2338 945 2385 ἐκβα*όντι
958 2340 1003 2383 L,
1026 2338 1280 2386 ἐκβαλόντιΙι1
1303 2341 1306 2384 Ι
1330 2339 1466 2384 ἐφῆκεν
1483 2339 1629 2385 Nauck]
1655 2340 1802 2385 ἀφῆκεν

274 2391 361 2426 libri
489 2396 556 2426 374
584 2392 730 2437 ἐχθρῶν
755 2404 824 2427 om.
847 2393 895 2436 E,
920 2392 1036 2427 minio
1062 2392 1160 2428 inter
1186 2403 1274 2427 vers.
1303 2393 1387 2427 add.
1517 2396 1583 2427 375
1610 2406 1647 2427 τε
1674 2404 1744 2428 om.
1766 2394 1801 2427 B

323 2449 390 2480 377
419 2443 504 2480 οἶδα
532 2452 621 2480 ποῖα
649 2448 690 2490 (Ῥ)
718 2457 807 2480 corn
835 2445 874 2479 in
900 2443 974 2480 οἶδ’
1005 2445 1116 2481 ὁποία
1136 2446 1170 2480 L
1193 2447 1197 2491 Ι
1222 2446 1333 2481 ὁποῖα
1354 2447 1389 2480 Β
1416 2444 1528 2480 ὁποία
1550 2447 1603 2479 B¹
1629 2460 1641 2480 ι
1663 2446 1800 2481 subscr.

276 2502 313 2533 et
342 2513 359 2533 ν
386 2510 564 2543 superscr.
588 2500 606 2533 b
636 2513 654 2533 ν
681 2499 750 2533 del.
778 2512 824 2534 m.
853 2510 922 2533 rec.
1057 2503 1124 2533 378
1153 2499 1287 2544 ἐφάψω
1309 2500 1348 2533 Ε
1477 2503 1544 2533 380
1572 2499 1702 2534 schoL:
1730 2497 1801 2534 ὧδε

276 2555 393 2591 καλῶς
433 2558 558 2587 κεῖται,
614 2551 778 2596 Δίδυμος
812 2558 1024 2597 σημειοῦται
1061 2551 1115 2587 ὅτι
1151 2559 1272 2592 κακῶς
1306 2552 1340 2587 οἱ
1376 2553 1572 2596 ὑποκριταὶ
1607 2552 1802 2588 τάσσουσιν

276 2606 336 2640 ἐπὶ
362 2613 435 2640 τῶν
463 2607 530 2640 δύο
557 2606 597 2640 τὸ
625 2612 729 2651 ,,σιγῇ
758 2605 894 2650 δόμους
921 2606 1108 2651 εἰσβᾶσα“,
1137 2606 1199 2640 cfr.
1229 2605 1274 2640 ad
1302 2619 1333 2640 V.
1357 2610 1424 2639 356
1555 2610 1622 2640 382
1650 2604 1800 2652 δόμους]

276 2660 358 2693 fort.
386 2659 520 2701 πύλας,
548 2659 611 2694 cfr.
639 2659 716 2693 Alc..
739 2663 806 2693 829
842 2662 846 2703 1
883 2670 1024 2693 versum
1051 2659 1150 2693 delet
1176 2659 1397 2693 Herwerden
1543 2663 1611 2693 383
1637 2658 1798 2694 θανοῦσ’

277 2712 424 2756 ὀφλήσω
450 2712 583 2746 Nauck
729 2716 796 2746 384
831 2712 898 2757 τὴν
935 2713 1104 2758 εὐθεῖαν]
1140 2712 1207 2757 τὴν
1243 2711 1380 2756 σοφίαν
1415 2713 1538 2758 (gloss.
1572 2712 1639 2757 τὴν
1670 2710 1802 2757 τέχνην

276 2765 390 2800 minio
423 2768 616 2811 supersor.)
637 2766 676 2800 E
818 2769 885 2799 385
913 2766 1021 2809 σοφοὶ
1055 2766 1085 2800 J.
1108 2765 1200 2800 Tate
1234 2768 1271 2800 eb
1296 2766 1338 2800 A.
1360 2766 1504 2813 Dalzel]
1538 2766 1651 2810 σοφαὶ
1684 2764 1770 2799 libri
1794 2766 1797 2811 i

278 2818 386 2865 ἑλεῖν]
426 2826 574 2854 κτανεῖν
608 2820 675 2854 She
715 2821 782 2864 (γρ.
823 2818 954 2853 ἑλεῖν]
992 2818 1030 2852 in
1066 2820 1173 2864 mrg.)
1319 2823 1386 2854 386
1425 2818 1544 2866 πόλις]
1578 2817 1692 2863 δόμος
1717 2819 1757 2853 Ε

278 2876 345 2906 388
379 2870 462 2919 ξένῃ
489 2873 727 2907 Halbertsma
756 2882 759 2910 ;
789 2873 925 2916 τούμὸν
952 2870 1079 2918 δέμας]
1115 2871 1228 2916 δέμας
1254 2871 1336 2907 τόδε
1364 2872 1496 2907 Christ.
1523 2874 1599 2917 pat.
1621 2875 1689 2906 890
1716 2871 1799 2906 fort.

278 2927 376 2958 recte
475 2930 541 2959 390
569 2932 707 2971 πῦργος
728 2927 836 2960 BnL
934 2930 1000 2959 392
1029 2925 1199 2970 συμφορά
1221 2927 1294 2961 ES
