1929 3208
790 166 956 198 EAENH
1578 161 1634 201 35

112 276 202 315 EA.
289 271 373 314 ἔστ’
411 273 544 314 ἔνδον
577 272 694 328 αὐτῷ
727 271 948 327 ξύμμαχος
979 275 1104 320 θεοῖς
1136 274 1219 324 ἴση.

112 346 212 385 ME.
287 345 408 397 φήμη
441 359 506 392 τις
538 346 672 384 οἴκων
705 342 752 384 ἐν
785 349 940 397 μυχοῖς
972 339 1203 395 ἱδρυμένης
1567 350 1635 381 820

116 416 204 455 EA.
290 413 385 466 οὔκ,
419 412 511 456 ἀλλ’
550 413 738 467 ἀδελφή·
773 414 972 467 Θεονόην
1004 414 1192 454 καλοῦσί
1219 427 1304 453 νιν.

114 487 215 526 ΜΕ.
289 486 554 538 χρηστήριον
587 482 667 538 μὲν
700 482 904 538 τοῦνομ’·
937 484 960 524 ὅ
993 499 1033 524 τι
1067 481 1114 524 δὲ
1148 483 1231 538 δρᾷ
1265 482 1450 536 φράσον.

113 558 205 596 EA.
291 553 416 596 πάντ’
455 551 559 605 οἷδ’,
593 554 685 608 ἐρεῖ
712 570 756 596 τε
790 555 994 609 συγγόνῳ
1026 555 1223 607 παρόντα
1257 564 1317 594 σε.

114 628 213 666 ME.
291 625 561 681 θνῄσκοιμεν
593 626 664 666 ἅν·
699 629 856 666 λαθεῖν
888 625 971 678 γὰρ
1005 624 1085 678 οὐχ
1118 619 1215 664 οἷόν
1247 623 1295 664 τέ
1325 639 1411 677 μοι,

115 699 205 737 EA.
292 700 394 745 ἴσως
426 695 480 737 ἂν
512 696 823 750 ἀναπείσαιμεν
857 693 1102 736 ἱκετεύοντέ
1130 711 1203 735 νιν
1566 703 1635 734 825

113 769 214 808 ME.
288 769 333 807 τί
360 773 502 821 χρῆμα
530 767 707 820 δρᾶσαι;
739 764 822 807 τίν’
859 765 1042 820 ὑπάγεις
1073 763 1115 819 μ’
1155 764 1198 814 ἐς
1230 764 1401 817 ἐλπίδας

114 839 203 878 EA.
289 839 484 891 παρόντα
516 838 619 892 γαίᾳ
652 837 708 891 μὴ
743 837 910 891 φράσαι
943 848 990 878 σε
1024 838 1240 892 συγγόνῳ.

113 910 216 949 ΜΕ.
290 910 494 950 πείσαντε
527 906 567 949 δ’
603 907 649 950 ἐκ
681 914 760 961 γῆς
792 908 1069 962 διορίσαιμεν
1101 906 1156 948 ἂν
1187 907 1322 957 πόδα;

116 981 209 1020 ΕΛ.
294 985 421 1033 κοινῇ
453 977 492 1032 γ’
530 978 674 1033 ἐκείνῃ
707 978 885 1034 ῥαδίως,
918 978 1065 1034 λάθρα
1098 976 1138 1020 δ’
1175 977 1230 1019 ἂν
1263 978 1327 1020 οὔ.

114 1052 216 1091 ΜΕ.
292 1050 374 1091 σὸν
405 1051 550 1103 ἔργον,
585 1050 642 1099 ὡς
673 1047 850 1103 γυναικὶ
882 1051 1142 1104 πρόσφορον
1174 1051 1299 1102 γυνή.
1570 1060 1639 1090 830

115 1123 206 1161 EA.
293 1120 350 1169 ὡς
383 1120 464 1162 οὐκ
495 1121 696 1175 ἄχρωστα
727 1117 876 1174 γόνατ’
913 1119 1030 1174 ἐμῶν
1063 1119 1147 1170 ἕξει
1178 1127 1332 1174 χερῶν.

115 1194 215 1232 ME.
289 1189 408 1245 φέρ’,
438 1190 494 1244 ἢν
527 1188 575 1232 δὲ
608 1191 661 1245 δὴ
694 1196 786 1246 νῷν
819 1191 876 1245 μὴ
909 1189 1172 1244 ἀποδέξηται
1205 1192 1384 1244 λόγους;

115 1264 206 1303 ΕΛ.
293 1266 428 1316 θανῇ·
461 1267 683 1316 γαμοῦμαι
716 1260 757 1303 δ’
792 1261 819 1315 ἡ
851 1259 1020 1303 τάλαιν’
1058 1262 1141 1315 ἐγὼ
1173 1263 1260 1318 βία.

114 1335 216 1374 ΜΕ.
290 1333 499 1386 προδότις
530 1332 585 1374 ἂν
618 1337 724 1386 εἴης·
759 1333 840 1386 τὴν
873 1335 976 1386 βίαν
1008 1331 1196 1387 σκήψασ’
1234 1334 1355 1388 ἔχεις.

115 1406 207 1444 ΕΛ.
294 1401 388 1444 ἀλλ’
427 1403 564 1457 ἁγνὸν
597 1404 730 1458 ὅρκον
765 1405 846 1446 σὸν
878 1405 989 1458 κάρα
1020 1405 1253 1458 κατώμοσα
1573 1415 1641 1445 835

116 1476 218 1515 ME.
292 1476 338 1515 τί
366 1475 469 1528 φής;
504 1479 767 1526 θανεῖσθαι;
800 1473 977 1516 κοῦποτ’
1016 1475 1212 1525 ἀλλάξεις
1245 1474 1367 1529 λε’χη;

116 1547 208 1586 EA.
293 1545 436 1602 ταύτῷ
470 1545 585 1599 ξίφει
616 1557 683 1599 γε·
714 1546 913 1599 κείσομαι
946 1543 994 1587 δὲ
1027 1552 1109 1587 σοῦ
1139 1545 1283 1595 πέλας.

116 1617 219 1659 ME.
292 1613 359 1657 ἐπὶ
391 1616 538 1657 τοῖσδε
570 1619 725 1657 τοίνυν
758 1615 902 1666 δεξιᾶς
934 1615 1038 1670 ἐμῆς
1068 1617 1184 1670 θίγε.

117 1689 209 1727 EA.
295 1687 437 1740 ψαύω,
470 1688 692 1736 θανόντος
723 1693 806 1728 σοῦ
836 1684 929 1728 τόδ’
968 1686 1184 1736 ἐκλείψειν
1215 1687 1339 1741 φάος.

117 1760 218 1798 ΜΕ.
291 1757 410 1811 κάγὼ
443 1756 673 1812 στερηθεὶς
705 1763 787 1799 σοῦ
818 1758 1094 1810 τελευτήσειν
1128 1759 1238 1811 βίον.
1575 1771 1643 1801 840

118 1831 210 1869 EA.
295 1835 386 1878 πῶς
418 1825 499 1870 οὖν
531 1827 783 1883 θανούμεθ’
823 1829 932 1870 ὥστε
964 1827 1036 1870 καὶ
1070 1828 1205 1879 δόξαν
1237 1832 1408 1884 λαβεῑν;

118 1901 219 1940 ME.
294 1899 463 1954 τύμβου
490 1897 556 1940 ’πὶ
587 1900 713 1957 νώτῳ
746 1897 794 1941 σὲ
826 1899 1001 1941 κτανὼν
1034 1898 1107 1953 ἐμὲ
1139 1908 1288 1942 κτενῶ.

295 1978 471 2023 πρῶτον
505 1969 543 2012 δ’
583 1970 732 2024 ἀγῶνα
765 1969 902 2025 μέγαν
935 1970 1248 2025 ἀγωνιούμεθα

264 2039 490 2095 ’λέκτρων
523 2038 631 2095 ὑπὲρ
665 2049 771 2083 σῶν·
805 2041 827 2083 ὁ
862 2038 909 2083 δὲ
941 2040 1090 2083 θέλων
1124 2045 1199 2083 ἴτω
1231 2040 1382 2092 πέλας·

296 2113 344 2153 τὸ
382 2113 580 2165 Τρωικὸν
612 2113 694 2167 γὰρ
729 2112 782 2154 οὐ
814 2120 1090 2166 καταισχυνῶ
1123 2111 1249 2162 κλέος
1577 2125 1645 2155 845

297 2179 393 2225 οὐδ’
422 2181 595 2224 “Ελλάδ’
634 2183 779 2224 ἐλθὼν
813 2184 1009 2238 λήψομαι
1041 2185 1183 2225 πολὺν
1216 2186 1372 2237 ψόγον,

297 2253 416 2303 ὅστις
448 2253 578 2296 Θέτιν
609 2252 689 2308 μὲν
722 2250 919 2308 ἐστέρησ’
949 2252 1194 2308 Ἀχιλλέως,

303 2326 586 2378 Τελαμωνίου
620 2322 658 2365 δ’
700 2328 887 2373 Αἰάντος
919 2325 1112 2366 εἰσεῖδον
1144 2325 1330 2378 σφαγάς,

219 2478 285 2508 825
311 2474 414 2521 ἴσως]
440 2474 642 2519 Kirchhoff,
670 2474 707 2509 εἴ
726 2487 803 2515 πως
828 2476 907 2510 LG
1007 2479 1075 2510 827
1101 2476 1142 2511 τὸ
1167 2474 1336 2519 παρόντα
1365 2476 1409 2520 G,
1435 2476 1475 2511 τὸ
1503 2487 1648 2511 erasum

123 2527 160 2561 in
187 2528 222 2562 L
327 2531 394 2562 829
421 2526 476 2574 γ’]
501 2527 647 2571 Reiske,
674 2527 706 2562 τ’
737 2529 816 2564 LG
849 2531 854 2574 Ι
888 2528 1012 2577 λάθρᾳ
1038 2527 1074 2563 δ’
1105 2528 1152 2564 ἂν
1178 2529 1237 2575 οὔ]
1263 2529 1301 2564 L.
1329 2529 1497 2573 Dindorf,
1522 2529 1647 2574 λάθρα

124 2579 159 2614 δ’
190 2580 280 2624 ὁμοῦ
302 2580 392 2623 LG,
419 2595 472 2626 γρ.
494 2582 660 2626 οὐδαμοῦ
687 2593 864 2626 superscr.
887 2583 898 2616 l
983 2585 1051 2616 830
1072 2581 1180 2628 γυνή]
1208 2593 1251 2616 ex
1269 2582 1366 2617 Plut.
1387 2582 1477 2616 Mor.
1497 2595 1530 2627 p.
1554 2587 1595 2617 51
1618 2582 1647 2616 Ε

123 2633 305 2675 Brodeau‚
332 2633 440 2678 γύναι
466 2634 545 2669 LG
665 2638 736 2668 834
761 2633 945 2679 προδότης
969 2635 1058 2678 LG,
1088 2633 1264 2678 προδότις
1289 2635 1301 2669 Ζ
1329 2635 1332 2679 Ι
1360 2634 1444 2680 τὴν]
1471 2634 1647 2679 Scaliger,

122 2686 190 2730 τὴν
210 2685 251 2720 δὲ
271 2686 350 2720 LG
429 2690 496 2721 836
517 2686 683 2729 ἀλλάξεις
704 2687 748 2729 G,
775 2686 942 2729 ἀλλάξεις
965 2689 1056 2722 mut.
1077 2687 1116 2721 in
1136 2687 1305 2728 ἀλλάξειν
1325 2688 1359 2722 L
1439 2691 1506 2722 838
1526 2690 1648 2723 τοῖσδε

124 2737 268 2785 τοίνυν]
292 2738 437 2783 canter,
462 2741 584 2774 τοῖσδε
610 2745 686 2779 τοῖς
711 2745 780 2775 νῦν
799 2741 845 2783 L,
870 2741 979 2784 τῆσδε
1005 2745 1070 2784 τῆς
1094 2746 1162 2775 νῦν
1185 2740 1218 2774 G·
1314 2743 1382 2774 840
1408 2740 1647 2787 τελευτήσειν]

124 2792 332 2835 Musgram,
357 2789 554 2834 τελευτήσω
573 2792 652 2826 LG
755 2796 821 2826 841
850 2791 942 2838 λάβη
965 2793 1011 2836 G,
1036 2794 1162 2838 λαβεῖν
1180 2804 1203 2837 9
1309 2795 1376 2826 842
1404 2794 1533 2834 νώτοις
1557 2794 1648 2828 Her-

124 2845 271 2880 werden
307 2848 311 2888 Ι
346 2844 481 2890 naveh]
508 2844 632 2878 Heath
658 2846 786 2890 (κτενῶ
812 2855 856 2879 ex
881 2845 1034 2880 Porsoni
1060 2844 1249 2879 sententia
1273 2845 1489 2891 Matthiae),
1522 2853 1650 2882 κτανεῖ

125 2897 204 2932 LG
303 2900 370 2932 845
397 2895 514 2943 κλέος]
541 2896 718 2943 Scaliger,
743 2895 845 2943 λέχος
869 2898 947 2933 LG
1045 2902 1208 2933 845—54
1235 2898 1336 2933 delet
1361 2898 1521 2934 Schenkl

1390 2958 1435 2993 3*
