1929 3208
709 791 1075 840 Praefatio

251 964 440 1024 Codices,
478 983 584 1023 quos
617 968 668 1009 ad
701 968 921 1009 Hecubam
953 967 1248 1009 recensendam
1283 966 1459 1007 adhibui
1491 970 1533 1007 et
1565 965 1655 1020 ipse

132 1040 308 1094 contuli,
340 1044 439 1082 sunt
470 1040 532 1081 hi:

131 1146 147 1154 „
200 1134 254 1146 =
282 1112 411 1154 codex
438 1110 679 1152 Marcianus
706 1111 788 1152 471
825 1110 951 1167 (plut.
978 1109 1093 1164 XCI,
1123 1108 1178 1166 l),
1212 1109 1253 1150 in
1285 1108 1544 1150 membranis
1576 1110 1658 1148 for-

279 1198 372 1224 mae
424 1185 598 1236 quartae
646 1182 817 1223 maioris
861 1182 1027 1223 saeculo
1072 1180 1153 1222 XII
1199 1180 1394 1235 scriptus.
1469 1179 1657 1220 continet

280 1254 350 1296 fol.
381 1254 540 1294 1——19r
576 1252 774 1307 Dionysii
816 1253 932 1295 orbis
975 1251 1303 1307 descriptionem
1342 1265 1436 1291 cum
1476 1249 1658 1304 scholiis,

281 1325 351 1367 fol.
378 1324 617 1366 201—155v
644 1323 865 1379 Euripidis
892 1324 1125 1377 Hecubam,
1158 1321 1362 1376 Orestem,
1394 1321 1658 1375 Phoenissas,

282 1396 639 1449 Andromacham,
684 1395 917 1450 Hippolyti
956 1411 991 1436 V.
1028 1394 1229 1435 1—1234
1274 1408 1368 1434 cum
1407 1392 1578 1434 scholiis
1618 1396 1659 1433 et

283 1467 436 1524 glossis
469 1466 521 1507 ab
556 1466 699 1507 eadem
732 1481 859 1507 manu
893 1469 1042 1520 postea
1075 1464 1241 1506 additis.
1293 1464 1334 1504 in
1368 1464 1450 1504 fine
1483 1462 1659 1504 mutilus

283 1543 357 1580 est.
421 1540 690 1579 correxerunt
735 1537 973 1592 complures
1013 1552 1163 1578 manus
1201 1535 1454 1577 recentiores
1494 1533 1659 1575 diverso

284 1614 532 1652 atramento.

135 1698 161 1724 α
201 1704 254 1716 =
282 1681 411 1723 codex
444 1681 661 1722 Parisinus
688 1682 821 1734 2:313,
859 1681 1025 1722 saeculo
1052 1679 1133 1721 XII
1174 1683 1353 1721 exeunte
1390 1677 1456 1719 vel
1488 1677 1660 1718 ineunte

283 1751 387 1793 XIII
432 1751 616 1806 scriptus
661 1752 703 1792 in
748 1751 1023 1806 membranis,
1068 1751 1199 1792 codici
1242 1750 1405 1805 optimo
1446 1748 1659 1789 Marciano

283 1823 327 1864 in
364 1823 560 1877 Hecuba,
599 1822 765 1877 Oreste,
806 1822 1050 1864 Phoenissis
1088 1822 1340 1864 simillimus.
1402 1820 1514 1862 hunc
1553 1819 1661 1860 codi-

284 1910 373 1935 cem
406 1896 448 1935 et
479 1897 706 1948 sequentes
738 1894 940 1948 descripsi
966 1893 1010 1934 in
1036 1893 1299 1948 praefatione
1326 1892 1508 1933 Medeae.
1560 1890 1661 1932 folia

286 1965 424 2021 prima
455 1965 690 2019 perierunt,
729 1981 808 2020 pro
849 1965 1008 2019 quibus
1041 1964 1124 2006 alia
1155 1965 1315 2005 inserta
1346 1967 1446 2005 sunt
1479 1979 1501 2003 a
1533 1976 1661 2003 manu

286 2051 389 2077 saec.
422 2035 502 2077 XV
544 2035 590 2091 (f.
627 2035 759 2092 1-8)
805 2039 846 2077 et
891 2051 915 2076 a
958 2050 1085 2076 manu
1131 2049 1235 2076 saec.
1268 2033 1370 2075 XVI
1417 2033 1462 2089 (f.
1496 2032 1660 2087 9—16)

286 2107 455 2162 scripta.
517 2107 593 2148 has
636 2110 824 2148 recentes
865 2121 1015 2147 manus
1053 2121 1139 2147 non
1177 2106 1342 2160 respexi
1383 2108 1424 2146 et
1460 2104 1663 2145 lectiones

286 2177 440 2219 codicis
485 2177 580 2218 inde
625 2193 648 2218 a
692 2193 729 2219 v.
763 2178 848 2218 523
893 2180 1068 2232 annoto,
1119 2192 1143 2218 a
1188 2192 1271 2231 quo
1317 2175 1468 2230 incipit
1512 2189 1662 2215 manus

285 2249 474 2303 antiqua.

139 2323 183 2363 B
204 2343 258 2354 =
285 2320 415 2362 codex
424 2320 657 2361 Vaticanus
673 2320 771 2375 909,
791 2319 1074 2374 bombycinus
1095 2318 1249 2360 saeculi
1264 2317 1382 2360 XIII.
1427 2318 1471 2358 in
1485 2317 1662 2358 Hecuba

285 2391 421 2433 multa
450 2390 553 2432 folia
585 2390 843 2446 exciderunt,
875 2393 923 2432 ut
953 2405 1066 2432 nunc
1093 2389 1231 2431 desint
1256 2403 1402 2430 versus
1428 2388 1661 2429 212—256

287 2465 329 2503 et
357 2461 630 2502 712—1069.
685 2461 851 2503 duobus
882 2460 997 2502 foliis
1029 2460 1261 2502 chartaceis
1293 2459 1462 2501 insertis
1495 2459 1663 2513 supple-

288 2532 350 2573 vit
382 2547 418 2574 v.
446 2532 678 2573 712-—793
711 2547 860 2573 manus
893 2546 1036 2573 recens
1069 2531 1223 2573 saeculi
1249 2531 1342 2586 XV,
1373 2530 1492 2572 cuius
1521 2528 1662 2570 lectio-

287 2618 375 2659 nes,
406 2606 452 2644 ut
485 2618 562 2657 par
594 2606 668 2658 est,
701 2602 880 2658 neglexi.

287 2675 417 2716 codex
449 2674 666 2716 Parisinus
693 2675 825 2730 2712,
857 2674 1204 2715 membranaceus
1234 2688 1336 2714 saec.
1364 2671 1477 2713 XIII.
1529 2671 1661 2712 codex

290 2745 384 2786 inde
423 2761 446 2786 a
484 2760 579 2801 pag.
607 2745 633 2786 3
672 2760 807 2799 usque
847 2746 899 2786 ad
937 2760 1033 2801 pag.
1062 2746 1086 2786 8
1125 2744 1302 2786 mutilus
1335 2747 1398 2785 est
1430 2743 1473 2784 in
1505 2742 1660 2800 angulo

289 2816 504 2871 superiore
538 2819 657 2870 parte
689 2816 1031 2857 membranarum
1063 2815 1238 2857 abscisa.

143 2890 178 2930 L
209 2909 263 2922 Ξ
290 2887 420 2929 codex
452 2887 761 2928 Laurentianus
788 2887 856 2942 32,
876 2888 915 2943 2,
947 2887 1191 2929 chartaceus
1225 2901 1328 2928 saec.
1355 2885 1467 2928 XIV.
