1929 3208
270 176 323 214 w
896 174 1163 206 ΕΊῚἸΙΙΙΔΟΤ

475 281 553 322 οὐκ
586 280 833 335 ἀποκάμνω.
1722 290 1788 321 13ῠ

479 354 641 407 Φοῖβός
673 368 747 406 μοι
780 350 970 406 γενέτωρ
1002 354 1160 407 πατήρ·

476 424 551 465 τὸν
583 425 802 477 βόσκοντα
836 423 918 478 γὰρ
951 423 1133 476 εὐλογῶ,

475 497 550 536 τὸν
585 493 623 535 δ’
662 494 885 549 ὠφέλιμον
918 493 1013 549 ἐμοὶ
1045 493 1230 550 πατέρος

477 567 615 620 ὄνομα
650 565 760 619 λέγω

481 639 649 691 Φοῖβον
681 638 759 678 τὸν
792 637 899 678 κατὰ
931 638 1053 678 ναόν.
1725 646 1792 676 140

478 747 510 790 ὦ
546 750 694 791 Παιὰν
727 746 760 791 ὦ
796 750 957 801 Παιάν,

476 821 639 863 εὐαίων
672 821 836 863 εὐαίων

476 896 589 946 εἴην,
622 889 656 933 ὦ
690 896 863 940 Λατοῦς
895 899 984 932 παῖ.

477 1003 570 1047 ἀλλ’
608 1005 808 1047 ἐκπαύσω
842 1005 924 1059 γὰρ
958 1005 1156 1058 μόχθους

478 1077 648 1132 δάφνας
681 1077 841 1125 ὁλκοῖς,
1728 1084 1794 1115 145

475 1147 673 1202 χρυσέων
708 1145 746 1188 δ’
785 1147 831 1189 ἐκ
862 1145 1051 1201 τευχέων
1084 1145 1200 1201 ῥίψω

476 1221 602 1273 γαιάς
633 1218 793 1272 παγάν,

479 1290 534 1331 ἂν
567 1290 858 1344 ἀποχεύονται

480 1364 729 1410 Κασταλίας
762 1362 896 1413 δῖναι,

478 1433 661 1486 νοτερὸν
692 1432 814 1485 ὕδωρ
847 1431 1038 1484 βάλλων,

482 1504 602 1552 ὅσιος
635 1500 705 1544 ἀπ’
743 1502 872 1552 εὐνᾶς
905 1502 980 1542 ὤν.
1730 1511 1797 1541 150

479 1571 566 1616 εἴθ’
604 1574 744 1623 οὕτως
777 1572 860 1615 αιέὶ
897 1574 1048 1629 Φοίβῳ

479 1646 704 1700 λατρεύων
737 1645 794 1699 μὴ
827 1646 1097 1698 παυσαίμαν,

480 1717 504 1771 ἢ
538 1718 792 1770 παυσαίμαν
826 1715 973 1770 ἀγαθᾷ
1008 1717 1150 1771 μοίρᾳ.

479 1791 526 1830 ε”α
561 1790 626 1830 ε’ἀ·

479 1857 659 1915 φοιτῶσ’
698 1860 782 1912 ἤδη
817 1859 1046 1899 λείπουσίν
1077 1872 1122 1898 τε

481 1928 638 1972 πτανοὶ
671 1934 917 1984 Παρνασοῦ
949 1930 1113 1978 κοίτας·
1731 1939 1797 1969 155

485 2002 606 2043 αὐδῶ
639 2001 696 2055 μὴ
730 2002 958 2055 χρίμπτειν
990 2004 1194 2055 θριγκοῖς

481 2070 581 2128 μηδ’
620 2072 662 2121 ἐς
693 2073 927 2126 χρυσήρεις
961 2075 1109 2120 οἴκους
1139 2095 1196 2099 ——

482 2145 640 2199 μάρψω
673 2140 713 2184 σ’
750 2139 806 2183 αὖ
838 2142 994 2196 τόξοις,
1027 2138 1060 2183 ὦ
1096 2142 1238 2196 Ζηνὸς

481 2215 631 2269 κῆρυξ,
663 2214 862 2267 ὀρνίθων
896 2216 1145 2268 γαμφηλαῖς

485 2287 612 2340 ἰσχὺν
644 2291 792 2326 νικῶν,
1732 2294 1799 2325 160

367 2447 432 2477 137
446 2455 497 2486 sq.
520 2443 678 2487 εὐλογῶν
699 2441 763 2476 τὸν
784 2439 968 2485 ὠφέλιμον
989 2441 1156 2474 Badhan}
1235 2445 1300 2475 138
1322 2454 1392 2484 πρς
1411 2442 1497 2484 LP,
1518 2439 1674 2484 πατέρος
1695 2441 1707 2474 l

273 2501 339 2532 140
363 2497 501 2542 Φοῖβον
522 2495 601 2541 τὸν]
623 2494 757 2537 Heath,
779 2493 915 2539 φοίβου
936 2499 1000 2528 τοῦ
1020 2495 1099 2528 LP
1166 2498 1230 2528 143
1252 2494 1347 2540 εἵην]
1369 2494 1510 2539 scripsi,
1538 2494 1614 2539 εἴης
1632 2495 1712 2530 LP

272 2555 339 2586 148
365 2550 630 2595 ἀποχεύονται]
656 2548 739 2582 fort.
768 2547 999 2592 dxevsz'vovrm
1081 2552 1146 2581 152
1160 2560 1211 2592 sq.
1240 2547 1287 2592 μὴ
1314 2546 1528 2592 παυσαίμην
1556 2547 1799 2592 sl'(supersor.

272 2603 307 2649 ἢ)
339 2601 556 2647 παυσαίμαν
583 2603 634 2645 L,
674 2601 721 2645 μὴ
753 2599 968 2644 παυσαίμην
1001 2598 1022 2644 ἢ
1058 2599 1274 2645 παυσαίμαν
1301 2602 1337 2635 P
1432 2604 1499 2634 154
1525 2598 1689 2635 λείπουσί
1715 2600 1800 2643 LP‚

270 2655 458 2692 λείπουσίν
485 2657 497 2690 l
595 2659 661 2690 156
694 2654 885 2700 χρίμπτειν
916 2655 1103 2700 θριγκοῖς]
1135 2654 1291 2698 Aldina,
1330 2652 1496 2699 χρίπτειν
1529 2655 1700 2699 θριγγοῖς
1725 2653 1805 2687 LP

367 2715 433 2744 156
450 2722 502 2754 sq.
530 2707 722 2754 χρίμπτειν
748 2707 865 2748 οἴκοις
891 2736 898 2742 .
927 2736 933 2741 .
961 2707 1153 2752 χρυσήρεις
1176 2707 1358 2753 θριγκούς
1385 2706 1426 2741 O.
1453 2706 1585 2741 Hense.
1631 2706 1701 2740 Cfr.
1722 2706 1800 2750 Iph.

272 2764 311 2798 T.
340 2768 418 2798 129.
469 2763 521 2796 De
548 2761 687 2796 lineola
716 2772 828 2805 quam
853 2760 961 2806 posui
987 2760 1050 2794 cfr.
1077 2760 1238 2795 Demetr.
1267 2759 1404 2806 [Pham
1432 2772 1468 2794 π.
1497 2759 1570 2804 ἐρμ.
1599 2763 1618 2802 ξ
1645 2762 1711 2793 195
1738 2759 1801 2803 (ΙΙΙ

271 2830 305 2861 p.
334 2820 402 2850 304
418 2816 492 2861 Sp.)
520 2815 538 2849 ὁ
565 2814 667 2858 παρὰ
695 2812 880 2859 Εὐριπίδῃ
901 2811 986 2848 Ἴων
1019 2813 1036 2848 ὁ
1068 2811 1156 2856 τόξα
1183 2813 1356 2858 ἁρπάζων
1382 2813 1445 2847 καὶ
1474 2816 1523 2859 τῷ
1549 2812 1670 2858 κύκνῳ
1697 2810 1801 2846 ἀπει-

273 2873 344 2904 λώι·
378 2872 427 2915 τῷ
460 2868 587 2911 ὄρνιθι
619 2868 875 2901 ἀποπατοῦιτι,
906 2865 999 2900 κατὰ
1032 2873 1104 2901 τῶν
1137 2865 1358 2911 ἀγαλμάτων
1481 2869 1546 2899 158
1579 2862 1627 2899 αὗ
1664 2862 1800 2910 τόξοις]

274 2922 469 2965 ἀτράκτοις
494 2920 712 2956 Heimsoeth
810 2923 876 2954 158
889 2931 941 2964 sq.
972 2919 1090 2959 Ζανὸς
1116 2920 1230 2963 κᾶρυξ
1256 2918 1420 2953 Dindorf
