1929 3208
797 170 962 203 ΕΛΕΝΠ
1584 165 1637 205 41

294 280 340 320 τί
366 283 521 330 ταῦτα;
554 278 764 333 δακρύοις
795 276 838 327 ἐς
870 278 917 318 τὸ
949 279 1068 331 θῆλυ
1099 277 1366 331 τρεπόμενος

297 347 463 398 ἐλεινὸς
493 345 550 403 ἦν
582 347 637 390 ἂν
669 351 836 403 μᾶλλον
868 348 894 403 ἢ
928 348 1202 402 δραστήριος.

296 419 449 472 κτεῖν’,
482 420 522 461 εἰ
552 420 675 462 δοκεῖ
703 430 792 461 σοι·
826 419 1014 461 δυσκλεᾶ
1046 418 1129 472 γὰρ
1163 416 1216 458 οὐ
1247 423 1428 464 κτενεῖς·

296 491 464 544 μᾶλλόν
495 505 543 544 γε
576 488 724 544 μέντοι
757 497 848 538 τοῖς
880 489 999 544 ἐμοῖς
1031 491 1171 529 πιθοῦ
1203 489 1365 540 λόγοις,

298 559 353 601 ἵν’
391 555 442 616 ᾖς
475 561 621 602 δικαία
653 559 725 602 καὶ
759 558 940 615 δάμαρτ’
979 559 1063 613 ἐγὼ
1097 558 1229 612 λάβω.
1576 567 1643 597 095

121 634 211 673 XO.
297 630 345 673 ἐν
377 630 447 673 σοὶ
480 632 729 687 βραβεύειν,
762 628 795 673 ὦ
827 636 965 682 νεᾶνι,
998 631 1102 678 τοὺς
1135 629 1310 682 λόγους·

297 702 411 744 οὕτω
446 701 494 744 δὲ
525 710 696 758 κρῖνον,
729 703 786 752 ὡς
818 702 979 743 ἅπασιν
1013 699 1217 754 ἁνδάνῃς.

122 774 297 814 ΘΕΟΝ.
331 772 414 827 ἐγὼ
446 773 620 828 πέφυκά
652 771 689 815 τ’
725 773 923 827 εὐσεβεῖν
955 770 1026 814 καὶ
1059 771 1290 825 βούλομαι,

299 847 413 897 φιλῶ
445 843 481 886 τ’
518 844 725 899 ἐμαυτήν,
756 842 828 886 καὶ
860 842 985 892 κλέος
1016 842 1186 897 τούμοῦ
1216 840 1380 895 πατρὸς

299 915 380 956 οὐκ
411 914 466 957 ἂν
497 914 715 970 μιάναιμ’,
747 913 851 957 οὐδὲ
885 915 1088 970 συγγόνῳ
1121 913 1247 967 χάριν
1554 922 1645 952 1000

300 986 427 1040 δοίην
460 985 514 1027 ἂν
546 985 590 1038 ἐξ
621 983 672 1040 ἧς
704 986 917 1040 δυσκλεὴς
948 986 1203 1040 φανήσεται.

301 1057 442 1098 ἔνεστι
477 1055 518 1098 δ’
554 1058 674 1112 ἱερὸν
705 1063 781 1112 τῆς
815 1058 938 1110 δίκης
971 1054 1067 1111 ἐμοὶ
1099 1053 1209 1109 μέγα

299 1126 347 1169 ἐν
378 1133 430 1182 τῇ
462 1128 614 1182 φύσει·
646 1127 719 1170 καὶ
751 1134 880 1171 τοῦτο
914 1125 1100 1182 Νηρέως
1131 1126 1248 1179 πάρα

298 1199 458 1253 ἔχουσα
491 1197 644 1256 σῴζειν
674 1197 913 1241 Μενέλεων
944 1198 1219 1252 πειράσομαι.

287 1267 404 1325 ”Ήρα
438 1266 478 1310 δ’
515 1269 689 1325 ἐπείπερ
722 1271 932 1324 βούλεταί
959 1266 998 1312 σ’
1036 1269 1296 1323 εὐεργετεῖν,
1557 1276 1646 1306 1005

301 1339 344 1389 ἐς
375 1340 534 1382 ταύτὸν
568 1345 675 1383 οἴσω
708 1347 878 1395 ψῆφον·
909 1340 936 1394 ἡ
969 1340 1140 1394 Κύπρις
1174 1336 1225 1380 δέ
1254 1353 1328 1392 μοι

299 1410 424 1460 ἵλεως
456 1408 535 1466 μὲν
569 1415 652 1466 εἴη,
685 1410 933 1466 ξυμβέβηκα
967 1407 1006 1453 δ’
1045 1410 1256 1464 οὐδαμοῦ.

300 1480 581 1536 [πειράσομαι
613 1479 661 1523 δὲ
693 1481 917 1537 παρθένος
948 1480 1096 1536 μένειν
1128 1480 1226 1532 ἀεί]

299 1550 325 1592 ἃ
359 1550 399 1592 δ’
436 1550 548 1606 ἀμφὶ
579 1553 728 1609 τύμβῳ
761 1551 865 1610 τῷδ’
902 1553 1128 1603 ὀνειδίζεις
1159 1551 1303 1605 πατρί,

300 1622 405 1676 ἡμῖν
437 1620 504 1664 ὅδ’
541 1623 672 1674 αὑτὸς
703 1628 860 1679 μῦθος.
923 1623 1180 1678 ἀδικοίημεν
1212 1622 1281 1675 ἄν,
1558 1630 1648 1660 1010

300 1694 340 1734 εἰ
369 1694 426 1748 μὴ
460 1694 694 1736 ἀποδώσω·
727 1694 798 1737 καὶ
830 1696 913 1750 γὰρ
947 1694 1002 1737 ἂν
1033 1701 1177 1743 κεῖνος
1208 1691 1382 1747 βλέπων

300 1763 524 1807 ἀπέδωκεν
556 1764 610 1807 ἂν
644 1764 714 1808 σοὶ
745 1765 868 1820 τήνδ’
905 1768 1035 1822 ἔχειν,
1067 1765 1202 1820 ταύτῃ
1238 1762 1286 1805 δὲ
1318 1764 1379 1804 σε’.

302 1834 391 1890 [καὶ
422 1837 506 1892 γὰρ
538 1837 649 1886 τίσις
680 1835 812 1878 τῶνδ’
849 1835 940 1878 ἐστὶ
971 1843 1062 1886 τοῖς
1094 1852 1138 1878 τε
1170 1832 1392 1890 νερτέροις

300 1905 371 1948 καὶ
402 1915 494 1957 τοῖς
526 1908 703 1950 ἄνωθεν
734 1914 868 1950 πᾶσιν
900 1908 1168 1962 ἀνθρώποις.
1231 1906 1253 1948 ὁ
1285 1911 1392 1954 νοῦς

300 1985 388 2020 τῶν
419 1980 735 2021 κατθανόντων
770 1981 816 2033 ζῇ
848 1976 928 2033 μὲν
961 1978 1028 2031 οὔ,
1061 1979 1242 2032 γνώμην
1275 1975 1314 2018 δ’
1354 1977 1440 2030 ἔχει
1557 1985 1647 2016 1015

303 2047 530 2090 ἀθάνατον
563 2050 624 2098 εἰς
655 2048 883 2091 ἀθάνατον
916 2047 1058 2104 αἰθέρ’
1099 2047 1329 2103 ἐμπεσών]

303 2118 361 2168 ὡς
392 2115 474 2160 οὖν
505 2121 697 2174 περαίνω
730 2120 787 2175 μὴ
821 2120 1006 2174 μακράν,
1039 2120 1276 2173 σιγήσομαι

221 2316 358 2347 991-5
386 2313 487 2347 delet
513 2313 672 2348 Schenkl
698 2315 777 2358 (991
795 2324 847 2357 sq.
875 2312 1115 2357 Hel-werden)
1220 2312 1318 2346 Ante
1345 2315 1411 2345 991
1439 2310 1647 2353 Τὴθοηοιιο,

127 2367 213 2400 ante
246 2370 313 2400 992
340 2366 500 2401 Menelai
531 2368 620 2401 nota,
651 2366 690 2400 in
718 2367 752 2402 G
849 2370 914 2400 991
948 2366 1031 2400 fort.
1057 2364 1092 2399 τί
1122 2363 1156 2399 δ’
1188 2364 1295 2408 ἄλλα,
1324 2365 1328 2410 Ι
1358 2363 1534 2407 δακρύοις
1559 2364 1648 2406 LG,

127 2419 300 2462 δακρύεις
323 2431 346 2464 9
380 2420 384 2465 Ι
418 2418 640 2464 τερπόμενος
667 2420 712 2463 G,
743 2417 966 2463 τρεπόμενος
990 2431 1012 2464 9
1137 2422 1204 2452 992
1232 2417 1382 2463 ἐλεινὸς]
1415 2417 1452 2450 L.
1481 2415 1648 2459 Dindort',

129 2470 284 2511 ἐλεεινὸς
302 2472 380 2507 LG
403 2472 407 2518 Ι
430 2473 602 2518 δυσκλεᾶ]
623 2473 760 2507 Barnes
787 2474 985 2517 (δυσκλεεῖς
1003 2472 1042 2506 F.
1063 2471 1130 2506 Gu.
1154 2470 1346 2515 Schmidt),
1373 2471 1552 2508 δυσκλεῶς
1571 2470 1648 2503 LG

223 2528 291 2558 994
316 2527 450 2571 πιθοῦ]
479 2525 650 2570 Dindorf,
682 2523 819 2560 πείθου
845 2526 923 2560 LG
1043 2528 1109 2559 997
1137 2522 1277 2567 κρίνειν
1306 2524 1349 2565 G,
1379 2529 1507 2566 κρῖνον
1532 2534 1554 2567 9

129 2580 217 2611 1001
246 2576 467 2624 φανήσεται]
494 2578 672 2622 Badham,
699 2577 913 2622 φανήσομαι
940 2578 1018 2613 LG
1129 2581 1218 2611 1002
1246 2577 1326 2620 ἱρὸν
1355 2576 1389 2610 G
1500 2579 1589 2609 1004
1617 2587 1646 2608 V.

129 2632 330 2674 suspectus
380 2629 591 2677 Μενέλεων]
624 2631 809 2675 Brodeau,
841 2629 1016 2675 μενέλεως
1041 2631 1120 2666 LG
1248 2632 1337 2663 1005
1355 2627 1469 2675 “Hoqj
1499 2628 1648 2671 Barnes,

129 2681 200 2727 ἤρα
220 2683 298 2717 LG
384 2686 474 2717 1006
501 2684 659 2730 Κύπρις]
686 2684 831 2727 Cantor,
858 2682 963 2728 χάρις
988 2684 1065 2718 LG
1088 2685 1092 2728 Ι
1115 2682 1149 2717 δ’
1181 2682 1260 2726 ἐμοὶ
1281 2682 1358 2716 LG
1446 2685 1534 2714 1007
1563 2681 1648 2724 ξυμ-

129 2733 283 2781 βέβηκα]
303 2735 539 2780 Helwverden,
559 2735 762 2782 συμβέβηκε
777 2737 855 2772 LG
941 2739 1031 2770 1008
1053 2735 1189 2770 delevit
1208 2734 1377 2768 Badham
1461 2737 1550 2767 1009
1565 2733 1648 2767 fort.

128 2787 266 2832 πατρός
388 2792 478 2823 1010
505 2789 629 2835 αὑτὸς]
656 2789 849 2832 Matthiae,
879 2789 989 2829 αὐτὸς
1014 2789 1090 2823 LG
1121 2790 1124 2833 Ι
1154 2786 1326 2831 ἀδικοίην
1352 2800 1411 2821 νιν
1438 2786 1484 2820 ἄν
1511 2786 1649 2820 Porson

227 2846 316 2876 1012
343 2839 468 2888 τήνδ’]
495 2841 647 2887 Reiske,
679 2841 746 2885 τήν
772 2841 806 2887 γ’
838 2843 915 2876 LG
1038 2846 1208 2876 1013—(3
1237 2840 1374 2874 delevit
1400 2839 1559 2874 Dindorf

133 2898 221 2928 1013
249 2893 357 2934 τίσεις
385 2895 429 2938 (r',
460 2893 552 2935 τίσις
575 2907 598 2940 9
725 2899 814 2929 1017
841 2893 1020 2941 περαίνω]
1047 2895 1081 2928 H
1119 2895 1344 2939 &tephanuffi
1376 2899 1546 2936 παραινῶ
1571 2893 1648 2927 LG
