<?xml version="1.0" encoding="UTF-8"?>
<!DOCTYPE html PUBLIC "-//W3C//DTD XHTML 1.0 Transitional//EN"
    "http://www.w3.org/TR/xhtml1/DTD/xhtml1-transitional.dtd">
<html xmlns="http://www.w3.org/1999/xhtml" xml:lang="en" lang="en">
 <head>
  <title>
</title>
<meta http-equiv="Content-Type" content="text/html;charset=utf-8" />
  <meta name='ocr-system' content='tesseract 3.04.00' />
  <meta name='ocr-capabilities' content='ocr_page ocr_carea ocr_par ocr_line ocrx_word'/>
</head>
<body>
  <div class='ocr_page' id='page_1' title='image "./euripidisfabula01euriuoft_0265.png"; bbox 0 0 1929 3208; ppageno 0'>
   <div class='ocr_carea' id='block_1_1' title="bbox 806 172 1682 214">
    <p class='ocr_par' dir='ltr' id='par_1_1' title="bbox 806 172 1682 214">
     <span class='ocr_line' id='line_1_1' title="bbox 806 172 1682 214; baseline 0.007 -6"><span class='ocrx_word' id='word_1_1' title='bbox 806 175 1033 210; x_wconf 76' lang='lat' dir='ltr'>HAEKTPA</span> <span class='ocrx_word' id='word_1_2' title='bbox 1625 172 1682 214; x_wconf 85' lang='lat'><strong><em>25</em></strong></span> 
     </span>
    </p>
   </div>
   <div class='ocr_carea' id='block_1_2' title="bbox 182 282 1683 2185">
    <p class='ocr_par' dir='ltr' id='par_1_2' title="bbox 182 282 1683 2185">
     <span class='ocr_line' id='line_1_2' title="bbox 340 282 988 337; baseline -0.002 -11"><span class='ocrx_word' id='word_1_3' title='bbox 340 284 490 337; x_wconf 81' lang='grc' dir='ltr'><strong><em>λόγον,</em></strong></span> <span class='ocrx_word' id='word_1_4' title='bbox 523 283 579 326; x_wconf 79' lang='grc' dir='ltr'><strong><em>ἵει</em></strong></span> <span class='ocrx_word' id='word_1_5' title='bbox 612 284 733 334; x_wconf 85' lang='grc' dir='ltr'><strong><em>λιτὰς</em></strong></span> <span class='ocrx_word' id='word_1_6' title='bbox 763 282 807 333; x_wconf 88' lang='grc' dir='ltr'><strong><em>ἐς</em></strong></span> <span class='ocrx_word' id='word_1_7' title='bbox 836 282 988 337; x_wconf 87' lang='grc' dir='ltr'><strong><em>θεούς,</em></strong></span> 
     </span>
     <span class='ocr_line' id='line_1_3' title="bbox 339 354 690 411; baseline 0 -15"><span class='ocrx_word' id='word_1_8' title='bbox 339 354 447 410; x_wconf 81' lang='grc' dir='ltr'><strong><em>τύχα</em></strong></span> <span class='ocrx_word' id='word_1_9' title='bbox 480 366 551 396; x_wconf 93' lang='grc' dir='ltr'><strong><em>σοι</em></strong></span> <span class='ocrx_word' id='word_1_10' title='bbox 581 355 690 411; x_wconf 80' lang='grc' dir='ltr'><strong><em>τύχα</em></strong></span> 
     </span>
     <span class='ocr_line' id='line_1_4' title="bbox 339 426 1681 480; baseline -0.001 -13"><span class='ocrx_word' id='word_1_11' title='bbox 339 427 605 480; x_wconf 82' lang='grc' dir='ltr'><strong><em>κασίγνητον</em></strong></span> <span class='ocrx_word' id='word_1_12' title='bbox 638 426 897 480; x_wconf 86' lang='grc' dir='ltr'><strong><em>ἐμβατεῦσαι</em></strong></span> <span class='ocrx_word' id='word_1_13' title='bbox 929 426 1071 467; x_wconf 89' lang='grc' dir='ltr'><strong><em>πόλιν.</em></strong></span> <span class='ocrx_word' id='word_1_14' title='bbox 1614 434 1681 466; x_wconf 86' lang='grc'><strong><em>595</em></strong></span> 
     </span>
     <span class='ocr_line' id='line_1_5' title="bbox 189 493 1242 551; baseline -0.002 -13"><span class='ocrx_word' id='word_1_15' title='bbox 189 498 270 538; x_wconf 90' lang='grc' dir='ltr'><strong><em>ΟΡ.</em></strong></span> <span class='ocrx_word' id='word_1_16' title='bbox 338 493 444 538; x_wconf 90' lang='grc' dir='ltr'><strong><em>εἶεν·</em></strong></span> <span class='ocrx_word' id='word_1_17' title='bbox 477 498 610 551; x_wconf 90' lang='grc' dir='ltr'><strong><em>φίλας</em></strong></span> <span class='ocrx_word' id='word_1_18' title='bbox 641 493 721 551; x_wconf 77' lang='grc' dir='ltr'><strong><em>μὲν</em></strong></span> <span class='ocrx_word' id='word_1_19' title='bbox 753 495 916 551; x_wconf 82' lang='grc' dir='ltr'><strong><em>ἡδονὰς</em></strong></span> <span class='ocrx_word' id='word_1_20' title='bbox 947 495 1242 550; x_wconf 84' lang='grc' dir='ltr'><strong><em>ἀσπασμάτων</em></strong></span> 
     </span>
     <span class='ocr_line' id='line_1_6' title="bbox 339 563 1231 624; baseline -0.002 -14"><span class='ocrx_word' id='word_1_21' title='bbox 339 569 437 622; x_wconf 84' lang='grc' dir='ltr'><strong><em>ἔχω,</em></strong></span> <span class='ocrx_word' id='word_1_22' title='bbox 470 565 615 624; x_wconf 78' lang='grc' dir='ltr'><strong><em>χρόνῳ</em></strong></span> <span class='ocrx_word' id='word_1_23' title='bbox 649 564 697 609; x_wconf 71' lang='grc' dir='ltr'><strong><em>δὲ</em></strong></span> <span class='ocrx_word' id='word_1_24' title='bbox 728 563 888 616; x_wconf 87' lang='grc' dir='ltr'><strong><em>καῦθις</em></strong></span> <span class='ocrx_word' id='word_1_25' title='bbox 919 566 1231 620; x_wconf 85' lang='grc' dir='ltr'><strong><em>ἀντιδώσομεν.</em></strong></span> 
     </span>
     <span class='ocr_line' id='line_1_7' title="bbox 338 632 1278 692; baseline -0.002 -12"><span class='ocrx_word' id='word_1_26' title='bbox 338 641 394 680; x_wconf 92' lang='grc' dir='ltr'><strong><em>σὺ</em></strong></span> <span class='ocrx_word' id='word_1_27' title='bbox 427 636 487 692; x_wconf 83' lang='grc' dir='ltr'><strong><em>δ’,</em></strong></span> <span class='ocrx_word' id='word_1_28' title='bbox 520 632 553 680; x_wconf 73' lang='grc' dir='ltr'><em>ὦ</em></span> <span class='ocrx_word' id='word_1_29' title='bbox 585 637 750 692; x_wconf 74' lang='grc' dir='ltr'><strong><em>γεραιέ·</em></strong></span> <span class='ocrx_word' id='word_1_30' title='bbox 781 639 949 692; x_wconf 75' lang='grc' dir='ltr'><strong><em>καίριος</em></strong></span> <span class='ocrx_word' id='word_1_31' title='bbox 979 638 1063 691; x_wconf 77' lang='grc' dir='ltr'><strong><em>γὰρ</em></strong></span> <span class='ocrx_word' id='word_1_32' title='bbox 1095 638 1278 690; x_wconf 78' lang='grc' dir='ltr'><strong><em>ἤλυθες·</em></strong></span> 
     </span>
     <span class='ocr_line' id='line_1_8' title="bbox 339 706 1390 764; baseline -0.002 -13"><span class='ocrx_word' id='word_1_33' title='bbox 339 708 481 764; x_wconf 82' lang='grc' dir='ltr'><strong><em>λέξον,</em></strong></span> <span class='ocrx_word' id='word_1_34' title='bbox 511 711 556 750; x_wconf 92' lang='grc' dir='ltr'><strong><em>τί</em></strong></span> <span class='ocrx_word' id='word_1_35' title='bbox 583 710 703 763; x_wconf 86' lang='grc' dir='ltr'><strong><em>δρῶν</em></strong></span> <span class='ocrx_word' id='word_1_36' title='bbox 735 707 789 750; x_wconf 78' lang='grc' dir='ltr'><strong><em>ἄν</em></strong></span> <span class='ocrx_word' id='word_1_37' title='bbox 821 706 961 762; x_wconf 84' lang='grc' dir='ltr'><strong><em>φονέα</em></strong></span> <span class='ocrx_word' id='word_1_38' title='bbox 991 709 1199 762; x_wconf 85' lang='grc' dir='ltr'><strong><em>τισαίμην</em></strong></span> <span class='ocrx_word' id='word_1_39' title='bbox 1229 708 1390 763; x_wconf 87' lang='grc' dir='ltr'><strong><em>πατρὸς</em></strong></span> 
     </span>
     <span class='ocr_line' id='line_1_9' title="bbox 337 778 1683 835; baseline -0.001 -13"><span class='ocrx_word' id='word_1_40' title='bbox 337 779 499 835; x_wconf 87' lang='grc' dir='ltr'><strong><em>μητέρα</em></strong></span> <span class='ocrx_word' id='word_1_41' title='bbox 531 795 576 822; x_wconf 87' lang='grc' dir='ltr'><strong><em>τε</em></strong></span> <span class='ocrx_word' id='word_1_42' title='bbox 607 780 687 834; x_wconf 89' lang='grc' dir='ltr'><strong><em>τὴν</em></strong></span> <span class='ocrx_word' id='word_1_43' title='bbox 719 780 938 822; x_wconf 90' lang='grc' dir='ltr'><strong><em>κοινωνὸν</em></strong></span> <span class='ocrx_word' id='word_1_44' title='bbox 971 778 1166 821; x_wconf 83' lang='grc' dir='ltr'><strong><em>ἀνοσίων</em></strong></span> <span class='ocrx_word' id='word_1_45' title='bbox 1197 778 1369 834; x_wconf 80' lang='grc' dir='ltr'><strong><em>γάμων;</em></strong></span> <span class='ocrx_word' id='word_1_46' title='bbox 1615 789 1683 820; x_wconf 92' lang='grc'><strong><em>600</em></strong></span> 
     </span>
     <span class='ocr_line' id='line_1_10' title="bbox 339 846 1342 906; baseline -0.001 -14"><span class='ocrx_word' id='word_1_47' title='bbox 339 852 458 892; x_wconf 82' lang='grc' dir='ltr'><strong><em>ἔστιν</em></strong></span> <span class='ocrx_word' id='word_1_48' title='bbox 487 852 534 892; x_wconf 92' lang='grc' dir='ltr'><strong><em>τί</em></strong></span> <span class='ocrx_word' id='word_1_49' title='bbox 560 866 636 905; x_wconf 91' lang='grc' dir='ltr'><strong><em>μοι</em></strong></span> <span class='ocrx_word' id='word_1_50' title='bbox 666 847 760 892; x_wconf 86' lang='grc' dir='ltr'><strong><em>κατ’</em></strong></span> <span class='ocrx_word' id='word_1_51' title='bbox 780 847 940 906; x_wconf 72' lang='grc' dir='ltr'><strong><em>’Ἀργος</em></strong></span> <span class='ocrx_word' id='word_1_52' title='bbox 971 846 1149 905; x_wconf 78' lang='grc' dir='ltr'><strong><em>εὐμενὲς</em></strong></span> <span class='ocrx_word' id='word_1_53' title='bbox 1179 851 1342 905; x_wconf 90' lang='grc' dir='ltr'><strong><em>φίλων;</em></strong></span> 
     </span>
     <span class='ocr_line' id='line_1_11' title="bbox 336 917 1349 977; baseline 0 -15"><span class='ocrx_word' id='word_1_54' title='bbox 336 920 362 975; x_wconf 85' lang='grc' dir='ltr'>ἢ</span> <span class='ocrx_word' id='word_1_55' title='bbox 394 917 518 962; x_wconf 87' lang='grc' dir='ltr'><strong><em>πάντ’</em></strong></span> <span class='ocrx_word' id='word_1_56' title='bbox 550 917 917 977; x_wconf 80' lang='grc' dir='ltr'><strong><em>ἀνεσκευάσμεθ’,</em></strong></span> <span class='ocrx_word' id='word_1_57' title='bbox 950 922 1095 974; x_wconf 85' lang='grc' dir='ltr'><strong><em>ὥσπερ</em></strong></span> <span class='ocrx_word' id='word_1_58' title='bbox 1128 921 1177 963; x_wconf 78' lang='grc' dir='ltr'><strong><em>αἱ</em></strong></span> <span class='ocrx_word' id='word_1_59' title='bbox 1203 921 1349 976; x_wconf 86' lang='grc' dir='ltr'><strong><em>τύχαι;</em></strong></span> 
     </span>
     <span class='ocr_line' id='line_1_12' title="bbox 336 989 1319 1049; baseline 0 -16"><span class='ocrx_word' id='word_1_60' title='bbox 336 997 395 1049; x_wconf 79' lang='grc' dir='ltr'><strong><em>τῷ</em></strong></span> <span class='ocrx_word' id='word_1_61' title='bbox 429 991 725 1048; x_wconf 74' lang='grc' dir='ltr'><strong><em>ξυγγένωμαις</em></strong></span> <span class='ocrx_word' id='word_1_62' title='bbox 758 993 909 1048; x_wconf 81' lang='grc' dir='ltr'><strong><em>νύχιος</em></strong></span> <span class='ocrx_word' id='word_1_63' title='bbox 940 992 966 1047; x_wconf 80' lang='grc' dir='ltr'>ἢ</span> <span class='ocrx_word' id='word_1_64' title='bbox 999 989 1102 1034; x_wconf 84' lang='grc' dir='ltr'><strong><em>καθ’</em></strong></span> <span class='ocrx_word' id='word_1_65' title='bbox 1132 991 1319 1046; x_wconf 84' lang='grc' dir='ltr'><strong><em>ἡμέραν;</em></strong></span> 
     </span>
     <span class='ocr_line' id='line_1_13' title="bbox 335 1061 1389 1119; baseline 0.001 -15"><span class='ocrx_word' id='word_1_66' title='bbox 335 1065 467 1105; x_wconf 88' lang='grc' dir='ltr'><strong><em>ποίαν</em></strong></span> <span class='ocrx_word' id='word_1_67' title='bbox 500 1063 608 1106; x_wconf 89' lang='grc' dir='ltr'><strong><em>ὁδὸν</em></strong></span> <span class='ocrx_word' id='word_1_68' title='bbox 639 1061 892 1119; x_wconf 79' lang='grc' dir='ltr'><strong><em>τραπώμεθ’</em></strong></span> <span class='ocrx_word' id='word_1_69' title='bbox 925 1065 987 1114; x_wconf 83' lang='grc' dir='ltr'><strong><em>εἰς</em></strong></span> <span class='ocrx_word' id='word_1_70' title='bbox 1019 1063 1210 1118; x_wconf 89' lang='grc' dir='ltr'><strong><em>ἐχθροὺς</em></strong></span> <span class='ocrx_word' id='word_1_71' title='bbox 1241 1062 1389 1118; x_wconf 69' lang='grc' dir='ltr'><strong><em>ἐμούς-ς</em></strong></span> 
     </span>
     <span class='ocr_line' id='line_1_14' title="bbox 185 1127 1682 1190; baseline 0 -15"><span class='ocrx_word' id='word_1_72' title='bbox 185 1136 273 1176; x_wconf 93' lang='grc' dir='ltr'><strong><em>ΠΡ.</em></strong></span> <span class='ocrx_word' id='word_1_73' title='bbox 338 1127 372 1176; x_wconf 73' lang='grc' dir='ltr'><em>ὦ</em></span> <span class='ocrx_word' id='word_1_74' title='bbox 405 1133 576 1189; x_wconf 84' lang='grc' dir='ltr'><strong><em>τέκνον,</em></strong></span> <span class='ocrx_word' id='word_1_75' title='bbox 608 1134 756 1185; x_wconf 90' lang='grc' dir='ltr'><strong><em>οὐδεὶς</em></strong></span> <span class='ocrx_word' id='word_1_76' title='bbox 789 1136 1088 1190; x_wconf 89' lang='grc' dir='ltr'><strong><em>δυστυχοῦντί</em></strong></span> <span class='ocrx_word' id='word_1_77' title='bbox 1115 1145 1186 1176; x_wconf 91' lang='grc' dir='ltr'><strong><em>σοι</em></strong></span> <span class='ocrx_word' id='word_1_78' title='bbox 1219 1136 1360 1189; x_wconf 82' lang='grc' dir='ltr'><strong><em>φίλος.</em></strong></span> <span class='ocrx_word' id='word_1_79' title='bbox 1615 1145 1682 1176; x_wconf 88' lang='grc'><strong><em>605</em></strong></span> 
     </span>
     <span class='ocr_line' id='line_1_15' title="bbox 336 1205 1268 1261; baseline 0 -14"><span class='ocrx_word' id='word_1_80' title='bbox 336 1205 504 1261; x_wconf 83' lang='grc' dir='ltr'><strong><em>εὕρημα</em></strong></span> <span class='ocrx_word' id='word_1_81' title='bbox 534 1206 619 1261; x_wconf 74' lang='grc' dir='ltr'><strong><em>γάρ</em></strong></span> <span class='ocrx_word' id='word_1_82' title='bbox 651 1222 720 1249; x_wconf 92' lang='grc' dir='ltr'><strong><em>τοι</em></strong></span> <span class='ocrx_word' id='word_1_83' title='bbox 751 1213 894 1261; x_wconf 84' lang='grc' dir='ltr'><strong><em>χρῆμα</em></strong></span> <span class='ocrx_word' id='word_1_84' title='bbox 925 1208 1122 1260; x_wconf 82' lang='grc' dir='ltr'><strong><em>γίγνεται</em></strong></span> <span class='ocrx_word' id='word_1_85' title='bbox 1153 1206 1268 1259; x_wconf 86' lang='grc' dir='ltr'><strong><em>τόδε,</em></strong></span> 
     </span>
     <span class='ocr_line' id='line_1_16' title="bbox 339 1275 1357 1332; baseline -0.001 -13"><span class='ocrx_word' id='word_1_86' title='bbox 339 1282 467 1331; x_wconf 78' lang='grc' dir='ltr'><strong><em>κοινῇ</em></strong></span> <span class='ocrx_word' id='word_1_87' title='bbox 499 1284 728 1332; x_wconf 83' lang='grc' dir='ltr'><strong><em>μετασχεῖν</em></strong></span> <span class='ocrx_word' id='word_1_88' title='bbox 760 1277 963 1331; x_wconf 79' lang='grc' dir='ltr'><strong><em>τάγαθοῦ</em></strong></span> <span class='ocrx_word' id='word_1_89' title='bbox 995 1275 1065 1319; x_wconf 86' lang='grc' dir='ltr'><strong><em>καὶ</em></strong></span> <span class='ocrx_word' id='word_1_90' title='bbox 1097 1282 1178 1319; x_wconf 91' lang='grc' dir='ltr'><strong><em>τοῦ</em></strong></span> <span class='ocrx_word' id='word_1_91' title='bbox 1207 1282 1357 1318; x_wconf 88' lang='grc' dir='ltr'><strong><em>κακοῦ.</em></strong></span> 
     </span>
     <span class='ocr_line' id='line_1_17' title="bbox 335 1346 1443 1403; baseline 0 -13"><span class='ocrx_word' id='word_1_92' title='bbox 335 1349 392 1389; x_wconf 85' lang='grc' dir='ltr'><strong><em>σὺ</em></strong></span> <span class='ocrx_word' id='word_1_93' title='bbox 424 1346 488 1390; x_wconf 85' lang='grc' dir='ltr'><strong><em>δ’·</em></strong></span> <span class='ocrx_word' id='word_1_94' title='bbox 521 1347 566 1390; x_wconf 88' lang='grc' dir='ltr'><strong><em>ἐκ</em></strong></span> <span class='ocrx_word' id='word_1_95' title='bbox 598 1348 784 1403; x_wconf 83' lang='grc' dir='ltr'><strong><em>βάθρων</em></strong></span> <span class='ocrx_word' id='word_1_96' title='bbox 815 1349 900 1402; x_wconf 80' lang='grc' dir='ltr'><strong><em>γὰρ</em></strong></span> <span class='ocrx_word' id='word_1_97' title='bbox 931 1354 1013 1398; x_wconf 85' lang='grc' dir='ltr'><strong><em>πᾶς</em></strong></span> <span class='ocrx_word' id='word_1_98' title='bbox 1045 1347 1262 1403; x_wconf 86' lang='grc' dir='ltr'><strong><em>ἀνῄρησαι</em></strong></span> <span class='ocrx_word' id='word_1_99' title='bbox 1294 1350 1443 1402; x_wconf 82' lang='grc' dir='ltr'><strong><em>φίλοις</em></strong></span> 
     </span>
     <span class='ocr_line' id='line_1_18' title="bbox 336 1417 1358 1474; baseline 0 -14"><span class='ocrx_word' id='word_1_100' title='bbox 336 1417 430 1460; x_wconf 89' lang='grc' dir='ltr'><strong><em>οὐδ’</em></strong></span> <span class='ocrx_word' id='word_1_101' title='bbox 469 1418 722 1469; x_wconf 80' lang='grc' dir='ltr'><strong><em>ἐλλέλοιπας</em></strong></span> <span class='ocrx_word' id='word_1_102' title='bbox 753 1417 917 1462; x_wconf 80' lang='grc' dir='ltr'><strong><em>ἐλπίδ’·</em></strong></span> <span class='ocrx_word' id='word_1_103' title='bbox 951 1423 1047 1461; x_wconf 80' lang='grc' dir='ltr'><strong><em>ι”σθι</em></strong></span> <span class='ocrx_word' id='word_1_104' title='bbox 1078 1434 1164 1474; x_wconf 89' lang='grc' dir='ltr'><strong><em>μου</em></strong></span> <span class='ocrx_word' id='word_1_105' title='bbox 1196 1419 1358 1473; x_wconf 85' lang='grc' dir='ltr'><strong><em>κλύων,</em></strong></span> 
     </span>
     <span class='ocr_line' id='line_1_19' title="bbox 335 1487 1682 1545; baseline 0.001 -15"><span class='ocrx_word' id='word_1_106' title='bbox 335 1487 384 1530; x_wconf 86' lang='grc' dir='ltr'><strong><em>ἐν</em></strong></span> <span class='ocrx_word' id='word_1_107' title='bbox 416 1488 526 1544; x_wconf 81' lang='grc' dir='ltr'><strong><em>χειρὶ</em></strong></span> <span class='ocrx_word' id='word_1_108' title='bbox 557 1496 608 1544; x_wconf 78' lang='grc' dir='ltr'><strong><em>τῇ</em></strong></span> <span class='ocrx_word' id='word_1_109' title='bbox 641 1496 695 1545; x_wconf 80' lang='grc' dir='ltr'><strong><em>σῇ</em></strong></span> <span class='ocrx_word' id='word_1_110' title='bbox 727 1488 852 1532; x_wconf 86' lang='grc' dir='ltr'><strong><em>πάντ’</em></strong></span> <span class='ocrx_word' id='word_1_111' title='bbox 891 1492 1002 1545; x_wconf 84' lang='grc' dir='ltr'><strong><em>ἔχεις</em></strong></span> <span class='ocrx_word' id='word_1_112' title='bbox 1032 1488 1105 1532; x_wconf 89' lang='grc' dir='ltr'><strong><em>καὶ</em></strong></span> <span class='ocrx_word' id='word_1_113' title='bbox 1138 1495 1189 1545; x_wconf 79' lang='grc' dir='ltr'><strong><em>τῇ</em></strong></span> <span class='ocrx_word' id='word_1_114' title='bbox 1220 1490 1330 1545; x_wconf 85' lang='grc' dir='ltr'><strong><em>τύχῃ</em></strong></span> <span class='ocrx_word' id='word_1_115' title='bbox 1614 1501 1682 1531; x_wconf 90' lang='grc'><strong><em>610</em></strong></span> 
     </span>
     <span class='ocr_line' id='line_1_20' title="bbox 336 1557 1329 1617; baseline 0.001 -15"><span class='ocrx_word' id='word_1_116' title='bbox 336 1565 542 1617; x_wconf 77' lang='grc' dir='ltr'><strong><em>πατρῷον</em></strong></span> <span class='ocrx_word' id='word_1_117' title='bbox 574 1557 698 1603; x_wconf 82' lang='grc' dir='ltr'><strong><em>οἷκον</em></strong></span> <span class='ocrx_word' id='word_1_118' title='bbox 729 1559 800 1603; x_wconf 89' lang='grc' dir='ltr'><strong><em>καὶ</em></strong></span> <span class='ocrx_word' id='word_1_119' title='bbox 834 1563 964 1604; x_wconf 89' lang='grc' dir='ltr'><strong><em>πόλιν</em></strong></span> <span class='ocrx_word' id='word_1_120' title='bbox 998 1563 1149 1615; x_wconf 85' lang='grc' dir='ltr'><strong><em>λαβεῖν</em></strong></span> <span class='ocrx_word' id='word_1_121' title='bbox 1181 1560 1329 1603; x_wconf 83' lang='grc' dir='ltr'><strong><em>σέθεν.</em></strong></span> 
     </span>
     <span class='ocr_line' id='line_1_21' title="bbox 189 1629 1278 1687; baseline 0.001 -15"><span class='ocrx_word' id='word_1_122' title='bbox 189 1634 272 1673; x_wconf 90' lang='grc' dir='ltr'><strong><em>ΟΡ.</em></strong></span> <span class='ocrx_word' id='word_1_123' title='bbox 334 1633 379 1673; x_wconf 88' lang='grc' dir='ltr'><strong><em>τί</em></strong></span> <span class='ocrx_word' id='word_1_124' title='bbox 407 1632 514 1686; x_wconf 86' lang='grc' dir='ltr'><strong><em>δῆτα</em></strong></span> <span class='ocrx_word' id='word_1_125' title='bbox 547 1633 738 1687; x_wconf 82' lang='grc' dir='ltr'><strong><em>δρῶντες</em></strong></span> <span class='ocrx_word' id='word_1_126' title='bbox 769 1629 892 1674; x_wconf 87' lang='grc' dir='ltr'><strong><em>τοῦδ’</em></strong></span> <span class='ocrx_word' id='word_1_127' title='bbox 921 1631 976 1673; x_wconf 79' lang='grc' dir='ltr'><strong><em>ἂν</em></strong></span> <span class='ocrx_word' id='word_1_128' title='bbox 1008 1632 1278 1686; x_wconf 83' lang='grc' dir='ltr'><strong><em>ἐξικοι’μεθα;</em></strong></span> 
     </span>
     <span class='ocr_line' id='line_1_22' title="bbox 182 1701 1304 1758; baseline 0.001 -15"><span class='ocrx_word' id='word_1_129' title='bbox 182 1705 272 1744; x_wconf 90' lang='grc' dir='ltr'><strong><em>ΠΡ.</em></strong></span> <span class='ocrx_word' id='word_1_130' title='bbox 334 1703 507 1744; x_wconf 85' lang='grc' dir='ltr'><strong><em>κτανὼν</em></strong></span> <span class='ocrx_word' id='word_1_131' title='bbox 540 1701 738 1745; x_wconf 83' lang='grc' dir='ltr'><strong><em>Θυέστου</em></strong></span> <span class='ocrx_word' id='word_1_132' title='bbox 770 1705 906 1745; x_wconf 87' lang='grc' dir='ltr'><strong><em>παῖδα</em></strong></span> <span class='ocrx_word' id='word_1_133' title='bbox 938 1705 1022 1756; x_wconf 90' lang='grc' dir='ltr'><strong><em>σήν</em></strong></span> <span class='ocrx_word' id='word_1_134' title='bbox 1053 1718 1097 1745; x_wconf 88' lang='grc' dir='ltr'><strong><em>τε</em></strong></span> <span class='ocrx_word' id='word_1_135' title='bbox 1130 1701 1304 1758; x_wconf 90' lang='grc' dir='ltr'><strong><em>μητέρα.</em></strong></span> 
     </span>
     <span class='ocr_line' id='line_1_23' title="bbox 189 1771 1382 1830; baseline 0.001 -16"><span class='ocrx_word' id='word_1_136' title='bbox 189 1775 272 1815; x_wconf 90' lang='grc' dir='ltr'><strong><em>ΟΡ.</em></strong></span> <span class='ocrx_word' id='word_1_137' title='bbox 333 1773 424 1827; x_wconf 78' lang='grc' dir='ltr'><strong><em>ἥκω</em></strong></span> <span class='ocrx_word' id='word_1_138' title='bbox 451 1771 517 1816; x_wconf 87' lang='grc' dir='ltr'><strong><em>’πὶ</em></strong></span> <span class='ocrx_word' id='word_1_139' title='bbox 548 1775 677 1816; x_wconf 80' lang='grc' dir='ltr'><strong><em>τόνδε</em></strong></span> <span class='ocrx_word' id='word_1_140' title='bbox 709 1773 949 1830; x_wconf 87' lang='grc' dir='ltr'><strong><em>στέφανον·</em></strong></span> <span class='ocrx_word' id='word_1_141' title='bbox 981 1773 1091 1816; x_wconf 82' lang='grc' dir='ltr'><strong><em>ἀλλὰ</em></strong></span> <span class='ocrx_word' id='word_1_142' title='bbox 1121 1781 1211 1824; x_wconf 87' lang='grc' dir='ltr'><strong><em>πῶς</em></strong></span> <span class='ocrx_word' id='word_1_143' title='bbox 1243 1774 1382 1829; x_wconf 85' lang='grc' dir='ltr'><strong><em>λάβω;</em></strong></span> 
     </span>
     <span class='ocr_line' id='line_1_24' title="bbox 183 1843 1681 1900; baseline -0.001 -14"><span class='ocrx_word' id='word_1_144' title='bbox 183 1847 272 1886; x_wconf 90' lang='grc' dir='ltr'><strong><em>ΠΡ.</em></strong></span> <span class='ocrx_word' id='word_1_145' title='bbox 334 1843 513 1899; x_wconf 89' lang='grc' dir='ltr'><strong><em>τειχέων</em></strong></span> <span class='ocrx_word' id='word_1_146' title='bbox 544 1843 625 1900; x_wconf 76' lang='grc' dir='ltr'><strong><em>μὲν</em></strong></span> <span class='ocrx_word' id='word_1_147' title='bbox 657 1845 804 1888; x_wconf 83' lang='grc' dir='ltr'><strong><em>ἐλθὼν</em></strong></span> <span class='ocrx_word' id='word_1_148' title='bbox 838 1845 960 1896; x_wconf 87' lang='grc' dir='ltr'><strong><em>ἐντὸς</em></strong></span> <span class='ocrx_word' id='word_1_149' title='bbox 993 1844 1092 1888; x_wconf 85' lang='grc' dir='ltr'><strong><em>οὐδ’</em></strong></span> <span class='ocrx_word' id='word_1_150' title='bbox 1126 1844 1181 1887; x_wconf 76' lang='grc' dir='ltr'><strong><em>ἂν</em></strong></span> <span class='ocrx_word' id='word_1_151' title='bbox 1214 1846 1255 1886; x_wconf 81' lang='grc' dir='ltr'><strong><em>εἰ</em></strong></span> <span class='ocrx_word' id='word_1_152' title='bbox 1282 1843 1444 1894; x_wconf 89' lang='grc' dir='ltr'><strong><em>θέλοις.</em></strong></span> <span class='ocrx_word' id='word_1_153' title='bbox 1614 1855 1681 1885; x_wconf 87' lang='lat'><strong><em>615</em></strong></span> 
     </span>
     <span class='ocr_line' id='line_1_25' title="bbox 189 1915 1378 1971; baseline 0.001 -14"><span class='ocrx_word' id='word_1_154' title='bbox 189 1918 272 1957; x_wconf 91' lang='grc' dir='ltr'><strong><em>ΟΡ.</em></strong></span> <span class='ocrx_word' id='word_1_155' title='bbox 335 1923 552 1971; x_wconf 85' lang='grc' dir='ltr'><strong><em>φρουραῖς</em></strong></span> <span class='ocrx_word' id='word_1_156' title='bbox 583 1915 786 1959; x_wconf 89' lang='grc' dir='ltr'><strong><em>κέκασται</em></strong></span> <span class='ocrx_word' id='word_1_157' title='bbox 819 1917 980 1968; x_wconf 80' lang='grc' dir='ltr'><strong><em>δεξιαῖς</em></strong></span> <span class='ocrx_word' id='word_1_158' title='bbox 1012 1932 1056 1958; x_wconf 89' lang='grc' dir='ltr'><strong><em>τε</em></strong></span> <span class='ocrx_word' id='word_1_159' title='bbox 1089 1918 1378 1971; x_wconf 88' lang='grc' dir='ltr'><strong><em>δορυφόρων;</em></strong></span> 
     </span>
     <span class='ocr_line' id='line_1_26' title="bbox 183 1987 1403 2042; baseline 0.001 -15"><span class='ocrx_word' id='word_1_160' title='bbox 183 1988 273 2028; x_wconf 92' lang='grc' dir='ltr'><strong><em>ΠΡ.</em></strong></span> <span class='ocrx_word' id='word_1_161' title='bbox 335 1988 488 2041; x_wconf 83' lang='grc' dir='ltr'><strong><em>ἔγνως·</em></strong></span> <span class='ocrx_word' id='word_1_162' title='bbox 520 1989 722 2042; x_wconf 88' lang='grc' dir='ltr'><strong><em>φοβεῖται</em></strong></span> <span class='ocrx_word' id='word_1_163' title='bbox 754 1988 837 2042; x_wconf 77' lang='grc' dir='ltr'><strong><em>γάρ</em></strong></span> <span class='ocrx_word' id='word_1_164' title='bbox 870 1999 918 2030; x_wconf 92' lang='grc' dir='ltr'><strong><em>σε</em></strong></span> <span class='ocrx_word' id='word_1_165' title='bbox 950 1987 1058 2042; x_wconf 88' lang='grc' dir='ltr'><strong><em>κούχ</em></strong></span> <span class='ocrx_word' id='word_1_166' title='bbox 1091 1987 1210 2030; x_wconf 83' lang='grc' dir='ltr'><strong><em>εὕδει</em></strong></span> <span class='ocrx_word' id='word_1_167' title='bbox 1242 1995 1403 2040; x_wconf 84' lang='grc' dir='ltr'><strong><em>σαφῶς.</em></strong></span> 
     </span>
     <span class='ocr_line' id='line_1_27' title="bbox 189 2054 1367 2113; baseline 0.001 -14"><span class='ocrx_word' id='word_1_168' title='bbox 189 2060 272 2100; x_wconf 93' lang='grc' dir='ltr'><strong><em>ΟΡ.</em></strong></span> <span class='ocrx_word' id='word_1_169' title='bbox 336 2054 442 2100; x_wconf 84' lang='grc' dir='ltr'><strong><em>εἶεν·</em></strong></span> <span class='ocrx_word' id='word_1_170' title='bbox 474 2059 530 2100; x_wconf 89' lang='grc' dir='ltr'><strong><em>σὺ</em></strong></span> <span class='ocrx_word' id='word_1_171' title='bbox 563 2059 617 2112; x_wconf 90' lang='grc' dir='ltr'><strong><em>δὴ</em></strong></span> <span class='ocrx_word' id='word_1_172' title='bbox 648 2058 894 2101; x_wconf 88' lang='grc' dir='ltr'><strong><em>τούνθένδε</em></strong></span> <span class='ocrx_word' id='word_1_173' title='bbox 926 2059 1189 2113; x_wconf 86' lang='grc' dir='ltr'><strong><em>βούλευσον,</em></strong></span> <span class='ocrx_word' id='word_1_174' title='bbox 1222 2057 1367 2112; x_wconf 79' lang='grc' dir='ltr'><strong><em>γέρον.</em></strong></span> 
     </span>
     <span class='ocr_line' id='line_1_28' title="bbox 183 2127 1398 2185; baseline 0.001 -16"><span class='ocrx_word' id='word_1_175' title='bbox 183 2131 272 2170; x_wconf 92' lang='grc' dir='ltr'><strong><em>ΠΡ.</em></strong></span> <span class='ocrx_word' id='word_1_176' title='bbox 333 2128 476 2183; x_wconf 88' lang='grc' dir='ltr'><strong><em>κάμοῦ</em></strong></span> <span class='ocrx_word' id='word_1_177' title='bbox 506 2127 548 2182; x_wconf 80' lang='grc' dir='ltr'><strong><em>γ’</em></strong></span> <span class='ocrx_word' id='word_1_178' title='bbox 583 2130 795 2172; x_wconf 75' lang='grc' dir='ltr'><strong><em>ἄκουσον·</em></strong></span> <span class='ocrx_word' id='word_1_179' title='bbox 828 2131 925 2184; x_wconf 74' lang='grc' dir='ltr'><strong><em>ἄρτι</em></strong></span> <span class='ocrx_word' id='word_1_180' title='bbox 957 2130 1041 2185; x_wconf 72' lang='grc' dir='ltr'><strong><em>γάρ</em></strong></span> <span class='ocrx_word' id='word_1_181' title='bbox 1074 2127 1118 2185; x_wconf 87' lang='grc' dir='ltr'><strong><em>μ’</em></strong></span> <span class='ocrx_word' id='word_1_182' title='bbox 1154 2127 1319 2184; x_wconf 84' lang='grc' dir='ltr'><strong><em>ἐσῆλθέ</em></strong></span> <span class='ocrx_word' id='word_1_183' title='bbox 1346 2145 1398 2170; x_wconf 93' lang='grc' dir='ltr'><strong><em>τι.</em></strong></span> 
     </span>
    </p>
   </div>
   <div class='ocr_carea' id='block_1_3' title="bbox 154 2224 1684 2961">
    <p class='ocr_par' dir='ltr' id='par_1_3' title="bbox 154 2224 1684 2961">
     <span class='ocr_line' id='line_1_29' title="bbox 251 2224 1681 2272; baseline 0.001 -12"><span class='ocrx_word' id='word_1_184' title='bbox 251 2229 318 2260; x_wconf 84' lang='grc'><strong><em>593</em></strong></span> <span class='ocrx_word' id='word_1_185' title='bbox 344 2225 445 2266; x_wconf 78' lang='grc' dir='ltr'><strong><em>λιτὰς</em></strong></span> <span class='ocrx_word' id='word_1_186' title='bbox 470 2225 637 2272; x_wconf 78' lang='lat' dir='ltr'>geminat</span> <span class='ocrx_word' id='word_1_187' title='bbox 661 2226 862 2271; x_wconf 78' lang='lat' dir='ltr'>Matthiae,</span> <span class='ocrx_word' id='word_1_188' title='bbox 896 2227 959 2262; x_wconf 83' lang='lat' dir='ltr'><strong><em>sed</em></strong></span> <span class='ocrx_word' id='word_1_189' title='bbox 985 2227 1068 2263; x_wconf 85' lang='lat' dir='ltr'>fort.</span> <span class='ocrx_word' id='word_1_190' title='bbox 1095 2229 1195 2263; x_wconf 80' lang='lat' dir='ltr'>recte</span> <span class='ocrx_word' id='word_1_191' title='bbox 1222 2224 1258 2268; x_wconf 85' lang='grc' dir='ltr'><strong><em>ἐς</em></strong></span> <span class='ocrx_word' id='word_1_192' title='bbox 1283 2227 1398 2267; x_wconf 84' lang='grc' dir='ltr'><strong><em>θεοὺς</em></strong></span> <span class='ocrx_word' id='word_1_193' title='bbox 1423 2226 1524 2262; x_wconf 85' lang='lat' dir='ltr'>delet</span> <span class='ocrx_word' id='word_1_194' title='bbox 1550 2227 1681 2261; x_wconf 83' lang='lat' dir='ltr'>Kirch-</span> 
     </span>
     <span class='ocr_line' id='line_1_30' title="bbox 154 2278 1681 2329; baseline 0.001 -16"><span class='ocrx_word' id='word_1_195' title='bbox 154 2278 258 2325; x_wconf 68' lang='lat' dir='ltr'><strong>hoff}</strong></span> <span class='ocrx_word' id='word_1_196' title='bbox 280 2280 395 2319; x_wconf 87' lang='grc' dir='ltr'><strong><em>θεοὺς</em></strong></span> <span class='ocrx_word' id='word_1_197' title='bbox 419 2280 508 2323; x_wconf 80' lang='lat' dir='ltr'><strong><em>LG,</em></strong></span> <span class='ocrx_word' id='word_1_198' title='bbox 534 2280 619 2320; x_wconf 84' lang='grc' dir='ltr'><strong><em>τοὺς</em></strong></span> <span class='ocrx_word' id='word_1_199' title='bbox 643 2280 758 2320; x_wconf 85' lang='grc' dir='ltr'><strong><em>θεοὺς</em></strong></span> <span class='ocrx_word' id='word_1_200' title='bbox 785 2281 796 2314; x_wconf 82' lang='lat' dir='ltr'>Z</span> <span class='ocrx_word' id='word_1_201' title='bbox 893 2285 960 2315; x_wconf 76' lang='lat'><strong><em>594</em></strong></span> <span class='ocrx_word' id='word_1_202' title='bbox 986 2281 1078 2329; x_wconf 74' lang='grc' dir='ltr'><strong><em>τύχᾳ</em></strong></span> <span class='ocrx_word' id='word_1_203' title='bbox 1100 2310 1106 2316; x_wconf 78' lang='lat'><strong>.</strong></span> <span class='ocrx_word' id='word_1_204' title='bbox 1130 2310 1135 2315; x_wconf 92' lang='lat'><em>.</em></span> <span class='ocrx_word' id='word_1_205' title='bbox 1163 2280 1277 2329; x_wconf 79' lang='grc' dir='ltr'><strong><em>τύχᾳ]</em></strong></span> <span class='ocrx_word' id='word_1_206' title='bbox 1312 2279 1505 2325; x_wconf 61' lang='lat' dir='ltr'>Tyrwhitt,</span> <span class='ocrx_word' id='word_1_207' title='bbox 1532 2280 1623 2325; x_wconf 77' lang='grc' dir='ltr'><strong><em>τύχα</em></strong></span> <span class='ocrx_word' id='word_1_208' title='bbox 1647 2309 1652 2314; x_wconf 94' lang='grc'><strong><em>.</em></strong></span> <span class='ocrx_word' id='word_1_209' title='bbox 1676 2309 1681 2314; x_wconf 97' lang='grc'><strong><em>.</em></strong></span> 
     </span>
     <span class='ocr_line' id='line_1_31' title="bbox 155 2331 1684 2380; baseline 0.001 -14"><span class='ocrx_word' id='word_1_210' title='bbox 155 2332 247 2377; x_wconf 83' lang='grc' dir='ltr'><strong><em>τύχοι</em></strong></span> <span class='ocrx_word' id='word_1_211' title='bbox 273 2332 351 2367; x_wconf 85' lang='lat' dir='ltr'><strong><em>LG</em></strong></span> <span class='ocrx_word' id='word_1_212' title='bbox 482 2337 550 2367; x_wconf 78' lang='lat'><strong><em>595</em></strong></span> <span class='ocrx_word' id='word_1_213' title='bbox 586 2331 710 2379; x_wconf 88' lang='grc' dir='ltr'><strong><em>πόλιν]</em></strong></span> <span class='ocrx_word' id='word_1_214' title='bbox 737 2333 820 2368; x_wconf 84' lang='lat' dir='ltr'>fort.</span> <span class='ocrx_word' id='word_1_215' title='bbox 847 2333 971 2378; x_wconf 82' lang='grc' dir='ltr'><strong><em>χθόνα</em></strong></span> <span class='ocrx_word' id='word_1_216' title='bbox 1092 2338 1160 2369; x_wconf 79' lang='grc'><strong><em>597</em></strong></span> <span class='ocrx_word' id='word_1_217' title='bbox 1193 2333 1460 2380; x_wconf 80' lang='grc' dir='ltr'><strong><em>ἂντιδώσομεν]</em></strong></span> <span class='ocrx_word' id='word_1_218' title='bbox 1488 2333 1524 2368; x_wconf 92' lang='lat' dir='ltr'><strong><em>C.</em></strong></span> <span class='ocrx_word' id='word_1_219' title='bbox 1545 2333 1684 2378; x_wconf 86' lang='lat' dir='ltr'>Haupt,</span> 
     </span>
     <span class='ocr_line' id='line_1_32' title="bbox 155 2384 1684 2433; baseline 0.001 -14"><span class='ocrx_word' id='word_1_220' title='bbox 155 2384 250 2419; x_wconf 76' lang='grc' dir='ltr'><strong><em>αὐτὰ</em></strong></span> <span class='ocrx_word' id='word_1_221' title='bbox 276 2386 440 2429; x_wconf 81' lang='grc' dir='ltr'><strong><em>δώσομεν</em></strong></span> <span class='ocrx_word' id='word_1_222' title='bbox 465 2386 544 2421; x_wconf 81' lang='lat' dir='ltr'><strong><em>LG</em></strong></span> <span class='ocrx_word' id='word_1_223' title='bbox 660 2389 728 2420; x_wconf 82' lang='lat'><strong><em>600</em></strong></span> <span class='ocrx_word' id='word_1_224' title='bbox 758 2399 796 2421; x_wconf 91' lang='grc' dir='ltr'><strong><em>τε</em></strong></span> <span class='ocrx_word' id='word_1_225' title='bbox 829 2386 911 2433; x_wconf 84' lang='grc' dir='ltr'><strong><em>τὴν]</em></strong></span> <span class='ocrx_word' id='word_1_226' title='bbox 938 2387 1089 2431; x_wconf 72' lang='lat' dir='ltr'>Cantor,</span> <span class='ocrx_word' id='word_1_227' title='bbox 1122 2400 1159 2422; x_wconf 81' lang='grc' dir='ltr'><strong><em>τε</em></strong></span> <span class='ocrx_word' id='word_1_228' title='bbox 1187 2387 1264 2422; x_wconf 81' lang='lat' dir='ltr'><strong><em>LG-</em></strong></span> <span class='ocrx_word' id='word_1_229' title='bbox 1311 2389 1315 2431; x_wconf 80' lang='grc' dir='ltr'>Ι</span> <span class='ocrx_word' id='word_1_230' title='bbox 1360 2399 1398 2421; x_wconf 87' lang='grc' dir='ltr'><strong><em>τε</em></strong></span> <span class='ocrx_word' id='word_1_231' title='bbox 1425 2386 1684 2429; x_wconf 80' lang='grc' dir='ltr'><strong><em>κοινόλεκτρον</em></strong></span> 
     </span>
     <span class='ocr_line' id='line_1_33' title="bbox 156 2436 1682 2486; baseline 0.002 -15"><span class='ocrx_word' id='word_1_232' title='bbox 156 2436 311 2482; x_wconf 81' lang='lat' dir='ltr'>Camper</span> <span class='ocrx_word' id='word_1_233' title='bbox 408 2442 472 2473; x_wconf 86' lang='grc'><strong><em>601</em></strong></span> <span class='ocrx_word' id='word_1_234' title='bbox 503 2438 575 2474; x_wconf 74' lang='grc' dir='ltr'><strong><em>ἔστι</em></strong></span> <span class='ocrx_word' id='word_1_235' title='bbox 601 2439 647 2483; x_wconf 89' lang='lat' dir='ltr'><strong><em>L,</em></strong></span> <span class='ocrx_word' id='word_1_236' title='bbox 674 2439 771 2475; x_wconf 76' lang='grc' dir='ltr'><strong><em>ἔστιν</em></strong></span> <span class='ocrx_word' id='word_1_237' title='bbox 791 2440 845 2475; x_wconf 79' lang='lat' dir='ltr'><strong><em>zG</em></strong></span> <span class='ocrx_word' id='word_1_238' title='bbox 955 2444 1022 2475; x_wconf 81' lang='lat'><strong><em>602</em></strong></span> <span class='ocrx_word' id='word_1_239' title='bbox 1050 2440 1168 2484; x_wconf 80' lang='grc' dir='ltr'><strong><em>ὥσπερ</em></strong></span> <span class='ocrx_word' id='word_1_240' title='bbox 1193 2440 1233 2474; x_wconf 82' lang='grc' dir='ltr'><strong><em>αἱ</em></strong></span> <span class='ocrx_word' id='word_1_241' title='bbox 1257 2440 1381 2486; x_wconf 87' lang='grc' dir='ltr'><strong><em>τύχαι]</em></strong></span> <span class='ocrx_word' id='word_1_242' title='bbox 1409 2439 1490 2474; x_wconf 75' lang='lat' dir='ltr'>fort.</span> <span class='ocrx_word' id='word_1_243' title='bbox 1514 2440 1561 2479; x_wconf 84' lang='grc' dir='ltr'><strong><em>ὡς</em></strong></span> <span class='ocrx_word' id='word_1_244' title='bbox 1587 2439 1682 2474; x_wconf 83' lang='grc' dir='ltr'><strong><em>ἐπει-</em></strong></span> 
     </span>
     <span class='ocr_line' id='line_1_34' title="bbox 156 2488 1681 2540; baseline 0.002 -17"><span class='ocrx_word' id='word_1_245' title='bbox 156 2488 267 2524; x_wconf 83' lang='grc' dir='ltr'><strong><em>κάσαι</em></strong></span> <span class='ocrx_word' id='word_1_246' title='bbox 341 2494 408 2525; x_wconf 90' lang='grc'>603</span> <span class='ocrx_word' id='word_1_247' title='bbox 429 2490 659 2537; x_wconf 82' lang='grc' dir='ltr'><strong><em>συγγένωμαι</em></strong></span> <span class='ocrx_word' id='word_1_248' title='bbox 679 2493 713 2527; x_wconf 92' lang='lat' dir='ltr'><em>L</em></span> <span class='ocrx_word' id='word_1_249' title='bbox 736 2493 740 2539; x_wconf 90' lang='grc' dir='ltr'>Ι</span> <span class='ocrx_word' id='word_1_250' title='bbox 763 2492 875 2540; x_wconf 82' lang='grc' dir='ltr'><strong><em>καθ’]</em></strong></span> <span class='ocrx_word' id='word_1_251' title='bbox 901 2492 988 2537; x_wconf 75' lang='grc' dir='ltr'><strong><em>μεθ’</em></strong></span> <span class='ocrx_word' id='word_1_252' title='bbox 1012 2494 1154 2528; x_wconf 87' lang='lat' dir='ltr'>Kontos</span> <span class='ocrx_word' id='word_1_253' title='bbox 1229 2497 1296 2528; x_wconf 88' lang='lat'><strong><em>606</em></strong></span> <span class='ocrx_word' id='word_1_254' title='bbox 1324 2491 1480 2538; x_wconf 75' lang='grc' dir='ltr'><strong><em>εὕρημα]</em></strong></span> <span class='ocrx_word' id='word_1_255' title='bbox 1508 2492 1546 2526; x_wconf 87' lang='lat' dir='ltr'><strong><em>in</em></strong></span> <span class='ocrx_word' id='word_1_256' title='bbox 1565 2504 1681 2537; x_wconf 83' lang='lat' dir='ltr'>marg.</span> 
     </span>
     <span class='ocr_line' id='line_1_35' title="bbox 157 2542 1682 2592; baseline 0.001 -15"><span class='ocrx_word' id='word_1_257' title='bbox 157 2542 309 2586; x_wconf 71' lang='grc' dir='ltr'><strong><em>ἕρμαιον</em></strong></span> <span class='ocrx_word' id='word_1_258' title='bbox 328 2544 363 2578; x_wconf 89' lang='lat' dir='ltr'><em>L</em></span> <span class='ocrx_word' id='word_1_259' title='bbox 385 2545 389 2588; x_wconf 90' lang='grc' dir='ltr'>Ι</span> <span class='ocrx_word' id='word_1_260' title='bbox 411 2545 483 2591; x_wconf 90' lang='grc' dir='ltr'><strong><em>τοι]</em></strong></span> <span class='ocrx_word' id='word_1_261' title='bbox 506 2544 658 2588; x_wconf 70' lang='lat' dir='ltr'>Seidler,</span> <span class='ocrx_word' id='word_1_262' title='bbox 684 2545 724 2580; x_wconf 87' lang='grc' dir='ltr'><strong><em>τὸ</em></strong></span> <span class='ocrx_word' id='word_1_263' title='bbox 744 2546 823 2581; x_wconf 82' lang='lat' dir='ltr'><strong><em>LG</em></strong></span> <span class='ocrx_word' id='word_1_264' title='bbox 848 2547 851 2592; x_wconf 92' lang='grc' dir='ltr'>Ι</span> <span class='ocrx_word' id='word_1_265' title='bbox 881 2545 1021 2591; x_wconf 78' lang='grc' dir='ltr'><strong><em>γίνεται</em></strong></span> <span class='ocrx_word' id='word_1_266' title='bbox 1047 2547 1142 2590; x_wconf 82' lang='lat' dir='ltr'><strong><em>LG,</em></strong></span> <span class='ocrx_word' id='word_1_267' title='bbox 1170 2545 1333 2592; x_wconf 76' lang='grc' dir='ltr'><strong><em>γίγνεται</em></strong></span> <span class='ocrx_word' id='word_1_268' title='bbox 1360 2547 1372 2580; x_wconf 86' lang='grc' dir='ltr'><em>Ζ</em></span> <span class='ocrx_word' id='word_1_269' title='bbox 1468 2549 1536 2579; x_wconf 78' lang='grc'><strong><em>607</em></strong></span> <span class='ocrx_word' id='word_1_270' title='bbox 1563 2551 1682 2590; x_wconf 82' lang='grc' dir='ltr'><strong><em>κοινῆ,</em></strong></span> 
     </span>
     <span class='ocr_line' id='line_1_36' title="bbox 156 2596 1682 2642; baseline 0.001 -12"><span class='ocrx_word' id='word_1_271' title='bbox 156 2607 334 2641; x_wconf 81' lang='lat' dir='ltr'><strong>superscr.</strong></span> <span class='ocrx_word' id='word_1_272' title='bbox 354 2597 407 2640; x_wconf 87' lang='grc' dir='ltr'><strong><em>τὸ,</em></strong></span> <span class='ocrx_word' id='word_1_273' title='bbox 433 2598 478 2639; x_wconf 82' lang='lat' dir='ltr'><strong><em>L,</em></strong></span> <span class='ocrx_word' id='word_1_274' title='bbox 506 2603 611 2642; x_wconf 86' lang='grc' dir='ltr'><strong><em>κοινῆ</em></strong></span> <span class='ocrx_word' id='word_1_275' title='bbox 640 2598 674 2633; x_wconf 81' lang='lat' dir='ltr'><strong><em>G</em></strong></span> <span class='ocrx_word' id='word_1_276' title='bbox 756 2602 823 2633; x_wconf 84' lang='lat'><strong><em>609</em></strong></span> <span class='ocrx_word' id='word_1_277' title='bbox 850 2598 1072 2634; x_wconf 78' lang='grc' dir='ltr'><strong><em>ἐλλέλοιπασ’</em></strong></span> <span class='ocrx_word' id='word_1_278' title='bbox 1097 2601 1138 2635; x_wconf 93' lang='lat' dir='ltr'><strong><em>A.</em></strong></span> <span class='ocrx_word' id='word_1_279' title='bbox 1161 2598 1340 2641; x_wconf 75' lang='lat' dir='ltr'>Schmidt,</span> <span class='ocrx_word' id='word_1_280' title='bbox 1367 2598 1449 2632; x_wconf 85' lang='lat' dir='ltr'>fort.</span> <span class='ocrx_word' id='word_1_281' title='bbox 1478 2596 1682 2632; x_wconf 79' lang='grc' dir='ltr'><strong><em>ἑλλέλοιπεν</em></strong></span> 
     </span>
     <span class='ocr_line' id='line_1_37' title="bbox 156 2647 1592 2697; baseline 0.001 -14"><span class='ocrx_word' id='word_1_282' title='bbox 156 2647 256 2689; x_wconf 82' lang='grc' dir='ltr'><strong><em>ἐλπίς</em></strong></span> <span class='ocrx_word' id='word_1_283' title='bbox 353 2653 418 2684; x_wconf 90' lang='grc'><strong><em>611</em></strong></span> <span class='ocrx_word' id='word_1_284' title='bbox 446 2648 553 2684; x_wconf 88' lang='grc' dir='ltr'><strong><em>πόλιν</em></strong></span> <span class='ocrx_word' id='word_1_285' title='bbox 578 2649 691 2685; x_wconf 79' lang='grc' dir='ltr'><strong><em>πάλιν</em></strong></span> <span class='ocrx_word' id='word_1_286' title='bbox 716 2652 842 2697; x_wconf 87' lang='grc' dir='ltr'><strong><em>λαβεῖν</em></strong></span> <span class='ocrx_word' id='word_1_287' title='bbox 862 2652 1003 2697; x_wconf 75' lang='lat' dir='ltr'>Vitelli,</span> <span class='ocrx_word' id='word_1_288' title='bbox 1029 2653 1112 2687; x_wconf 82' lang='lat' dir='ltr'>fort.</span> <span class='ocrx_word' id='word_1_289' title='bbox 1140 2651 1305 2696; x_wconf 84' lang='grc' dir='ltr'><strong><em>θρόνους</em></strong></span> <span class='ocrx_word' id='word_1_290' title='bbox 1330 2650 1442 2685; x_wconf 83' lang='grc' dir='ltr'><strong><em>πάλιν</em></strong></span> <span class='ocrx_word' id='word_1_291' title='bbox 1467 2652 1592 2696; x_wconf 84' lang='grc' dir='ltr'><strong><em>λαβεῖν</em></strong></span> 
     </span>
     <span class='ocr_line' id='line_1_38' title="bbox 156 2701 1682 2749; baseline 0.001 -12"><span class='ocrx_word' id='word_1_292' title='bbox 156 2705 319 2737; x_wconf 83' lang='grc'>614--68</span> <span class='ocrx_word' id='word_1_293' title='bbox 344 2701 505 2737; x_wconf 81' lang='lat' dir='ltr'>lineolae</span> <span class='ocrx_word' id='word_1_294' title='bbox 529 2714 596 2748; x_wconf 92' lang='lat' dir='ltr'><strong><em>pro</em></strong></span> <span class='ocrx_word' id='word_1_295' title='bbox 615 2703 714 2738; x_wconf 84' lang='lat' dir='ltr'>notis</span> <span class='ocrx_word' id='word_1_296' title='bbox 739 2715 981 2749; x_wconf 79' lang='lat' dir='ltr'>personarum</span> <span class='ocrx_word' id='word_1_297' title='bbox 1005 2705 1043 2739; x_wconf 89' lang='lat' dir='ltr'><strong><em>in</em></strong></span> <span class='ocrx_word' id='word_1_298' title='bbox 1064 2707 1109 2748; x_wconf 78' lang='lat' dir='ltr'><strong><em>L,</em></strong></span> <span class='ocrx_word' id='word_1_299' title='bbox 1135 2704 1208 2739; x_wconf 87' lang='lat' dir='ltr'>nisi</span> <span class='ocrx_word' id='word_1_300' title='bbox 1228 2704 1328 2749; x_wconf 91' lang='lat' dir='ltr'>quod</span> <span class='ocrx_word' id='word_1_301' title='bbox 1349 2708 1428 2745; x_wconf 82' lang='lat'><strong><em>630,</em></strong></span> <span class='ocrx_word' id='word_1_302' title='bbox 1457 2707 1523 2737; x_wconf 85' lang='lat'><strong><em>652</em></strong></span> <span class='ocrx_word' id='word_1_303' title='bbox 1544 2703 1682 2738; x_wconf 79' lang='lat' dir='ltr'>lineola</span> 
     </span>
     <span class='ocr_line' id='line_1_39' title="bbox 155 2756 1681 2804; baseline 0.001 -14"><span class='ocrx_word' id='word_1_304' title='bbox 155 2756 260 2791; x_wconf 79' lang='lat' dir='ltr'>deest</span> <span class='ocrx_word' id='word_1_305' title='bbox 291 2758 329 2790; x_wconf 87' lang='lat' dir='ltr'><strong><em>et</em></strong></span> <span class='ocrx_word' id='word_1_306' title='bbox 355 2758 439 2799; x_wconf 76' lang='lat'><strong><em>650,</em></strong></span> <span class='ocrx_word' id='word_1_307' title='bbox 476 2760 543 2790; x_wconf 86' lang='grc'>653</span> <span class='ocrx_word' id='word_1_308' title='bbox 569 2758 657 2790; x_wconf 86' lang='lat' dir='ltr'>nota</span> <span class='ocrx_word' id='word_1_309' title='bbox 684 2756 780 2790; x_wconf 78' lang='lat' dir='ltr'>senis</span> <span class='ocrx_word' id='word_1_310' title='bbox 805 2758 1041 2804; x_wconf 82' lang='lat' dir='ltr'>praefigitur,</span> <span class='ocrx_word' id='word_1_311' title='bbox 1078 2761 1240 2793; x_wconf 85' lang='lat'>614—46</span> <span class='ocrx_word' id='word_1_312' title='bbox 1268 2759 1305 2791; x_wconf 82' lang='lat' dir='ltr'><strong><em>et</em></strong></span> <span class='ocrx_word' id='word_1_313' title='bbox 1332 2760 1495 2791; x_wconf 78' lang='lat'>657—68</span> <span class='ocrx_word' id='word_1_314' title='bbox 1522 2756 1681 2792; x_wconf 80' lang='lat' dir='ltr'>lineolae</span> 
     </span>
     <span class='ocr_line' id='line_1_40' title="bbox 154 2807 1681 2855; baseline 0.001 -12"><span class='ocrx_word' id='word_1_315' title='bbox 154 2808 193 2843; x_wconf 90' lang='lat' dir='ltr'><strong><em>in</em></strong></span> <span class='ocrx_word' id='word_1_316' title='bbox 222 2808 256 2844; x_wconf 80' lang='lat' dir='ltr'><em>G</em></span> <span class='ocrx_word' id='word_1_317' title='bbox 353 2812 420 2843; x_wconf 86' lang='grc'>615</span> <span class='ocrx_word' id='word_1_318' title='bbox 448 2807 559 2843; x_wconf 82' lang='grc' dir='ltr'><strong><em>οὐδὲν</em></strong></span> <span class='ocrx_word' id='word_1_319' title='bbox 584 2807 631 2843; x_wconf 77' lang='grc' dir='ltr'><strong><em>ἂν</em></strong></span> <span class='ocrx_word' id='word_1_320' title='bbox 657 2808 808 2850; x_wconf 87' lang='grc' dir='ltr'><strong><em>σθένοις</em></strong></span> <span class='ocrx_word' id='word_1_321' title='bbox 831 2810 981 2855; x_wconf 82' lang='lat' dir='ltr'>Nauck,</span> <span class='ocrx_word' id='word_1_322' title='bbox 1008 2810 1132 2846; x_wconf 83' lang='grc' dir='ltr'><strong><em>οὐδέν’</em></strong></span> <span class='ocrx_word' id='word_1_323' title='bbox 1158 2810 1205 2845; x_wconf 67' lang='grc' dir='ltr'><strong><em>ἂν</em></strong></span> <span class='ocrx_word' id='word_1_324' title='bbox 1230 2809 1358 2849; x_wconf 84' lang='grc' dir='ltr'><strong><em>θένοις</em></strong></span> <span class='ocrx_word' id='word_1_325' title='bbox 1384 2809 1507 2844; x_wconf 86' lang='lat' dir='ltr'>Keene</span> <span class='ocrx_word' id='word_1_326' title='bbox 1531 2811 1534 2854; x_wconf 91' lang='grc' dir='ltr'>Ι</span> <span class='ocrx_word' id='word_1_327' title='bbox 1558 2809 1681 2845; x_wconf 79' lang='grc' dir='ltr'><strong><em>ἐλθεῖν</em></strong></span> 
     </span>
     <span class='ocr_line' id='line_1_41' title="bbox 155 2859 1682 2908; baseline 0 -11"><span class='ocrx_word' id='word_1_328' title='bbox 155 2861 259 2902; x_wconf 82' lang='grc' dir='ltr'><strong><em>ἐντὸς</em></strong></span> <span class='ocrx_word' id='word_1_329' title='bbox 284 2862 428 2907; x_wconf 84' lang='grc' dir='ltr'><strong><em>οὐδαμῇ</em></strong></span> <span class='ocrx_word' id='word_1_330' title='bbox 454 2859 600 2902; x_wconf 87' lang='grc' dir='ltr'><strong><em>σθένεις</em></strong></span> <span class='ocrx_word' id='word_1_331' title='bbox 624 2861 662 2896; x_wconf 88' lang='lat' dir='ltr'><strong><em>F.</em></strong></span> <span class='ocrx_word' id='word_1_332' title='bbox 685 2861 753 2896; x_wconf 83' lang='lat' dir='ltr'><strong><em>Gn.</em></strong></span> <span class='ocrx_word' id='word_1_333' title='bbox 774 2862 959 2906; x_wconf 77' lang='lat' dir='ltr'>Schmidt,</span> <span class='ocrx_word' id='word_1_334' title='bbox 992 2864 1074 2899; x_wconf 84' lang='lat' dir='ltr'>fort.</span> <span class='ocrx_word' id='word_1_335' title='bbox 1103 2864 1224 2898; x_wconf 78' lang='grc' dir='ltr'><strong><em>ἐλθὼν</em></strong></span> <span class='ocrx_word' id='word_1_336' title='bbox 1250 2862 1352 2904; x_wconf 83' lang='grc' dir='ltr'><strong><em>ἐντὸς</em></strong></span> <span class='ocrx_word' id='word_1_337' title='bbox 1377 2862 1523 2908; x_wconf 86' lang='grc' dir='ltr'><strong><em>οὐδαμῇ</em></strong></span> <span class='ocrx_word' id='word_1_338' title='bbox 1543 2861 1682 2904; x_wconf 85' lang='grc' dir='ltr'><strong><em>πόλεως</em></strong></span> 
     </span>
     <span class='ocr_line' id='line_1_42' title="bbox 157 2914 1167 2961; baseline 0.004 -12"><span class='ocrx_word' id='word_1_339' title='bbox 157 2918 224 2950; x_wconf 86' lang='grc'>619</span> <span class='ocrx_word' id='word_1_340' title='bbox 245 2915 308 2950; x_wconf 74' lang='grc' dir='ltr'><strong><em>καὶ</em></strong></span> <span class='ocrx_word' id='word_1_341' title='bbox 328 2914 399 2960; x_wconf 81' lang='grc' dir='ltr'><strong><em>μὴν</em></strong></span> <span class='ocrx_word' id='word_1_342' title='bbox 420 2914 581 2950; x_wconf 80' lang='grc' dir='ltr'><strong><em>ἄκουσον</em></strong></span> <span class='ocrx_word' id='word_1_343' title='bbox 605 2914 822 2961; x_wconf 63' lang='grc' dir='ltr'><strong><em>Κίϊεὶὼοίῖί</em></strong></span> <span class='ocrx_word' id='word_1_344' title='bbox 845 2915 977 2961; x_wconf 63' lang='grc' dir='ltr'><strong><em>ἐσῆλθε</em></strong></span> <span class='ocrx_word' id='word_1_345' title='bbox 1003 2917 1063 2952; x_wconf 83' lang='lat' dir='ltr'><strong><em>hic</em></strong></span> <span class='ocrx_word' id='word_1_346' title='bbox 1090 2917 1167 2953; x_wconf 80' lang='lat' dir='ltr'><strong><em>LG</em></strong></span> 
     </span>
    </p>
   </div>
  </div>
 </body>
</html>
