<?xml version="1.0" encoding="UTF-8"?>
<!DOCTYPE html PUBLIC "-//W3C//DTD XHTML 1.0 Transitional//EN"
    "http://www.w3.org/TR/xhtml1/DTD/xhtml1-transitional.dtd">
<html xmlns="http://www.w3.org/1999/xhtml" xml:lang="en" lang="en">
 <head>
  <title>
</title>
<meta http-equiv="Content-Type" content="text/html;charset=utf-8" />
  <meta name='ocr-system' content='tesseract 3.04.00' />
  <meta name='ocr-capabilities' content='ocr_page ocr_carea ocr_par ocr_line ocrx_word'/>
</head>
<body>
  <div class='ocr_page' id='page_1' title='image "./euripidisfabula01euriuoft_0437.png"; bbox 0 0 1929 3208; ppageno 0'>
   <div class='ocr_carea' id='block_1_1' title="bbox 794 153 1637 193">
    <p class='ocr_par' dir='ltr' id='par_1_1' title="bbox 794 153 1637 193">
     <span class='ocr_line' id='line_1_1' title="bbox 794 153 1637 193; baseline 0.009 -9"><span class='ocrx_word' id='word_1_1' title='bbox 794 153 960 186; x_wconf 75' lang='lat' dir='ltr'><strong>EAENH</strong></span> <span class='ocrx_word' id='word_1_2' title='bbox 1584 153 1637 193; x_wconf 72' lang='lat'><strong><em>31</em></strong></span> 
     </span>
    </p>
   </div>
   <div class='ocr_carea' id='block_1_2' title="bbox 103 258 1638 2372">
    <p class='ocr_par' dir='ltr' id='par_1_2' title="bbox 103 258 1638 2372">
     <span class='ocr_line' id='line_1_2' title="bbox 291 258 1638 315; baseline 0 -13"><span class='ocrx_word' id='word_1_3' title='bbox 291 259 499 315; x_wconf 79' lang='grc' dir='ltr'><strong><em>[νεφέλης</em></strong></span> <span class='ocrx_word' id='word_1_4' title='bbox 530 258 688 315; x_wconf 75' lang='grc' dir='ltr'><strong><em>ἄγαλμ’</em></strong></span> <span class='ocrx_word' id='word_1_5' title='bbox 724 261 898 315; x_wconf 88' lang='grc' dir='ltr'><strong><em>ἔχοντες</em></strong></span> <span class='ocrx_word' id='word_1_6' title='bbox 929 259 977 302; x_wconf 84' lang='grc' dir='ltr'><strong><em>ἐν</em></strong></span> <span class='ocrx_word' id='word_1_7' title='bbox 1008 267 1158 315; x_wconf 80' lang='grc' dir='ltr'><em>χεροῖν</em></span> <span class='ocrx_word' id='word_1_8' title='bbox 1191 260 1389 315; x_wconf 63' lang='grc' dir='ltr'><strong><em>λυγρόν]</em></strong></span> <span class='ocrx_word' id='word_1_9' title='bbox 1571 272 1638 302; x_wconf 72' lang='grc' dir='ltr'><strong><em>τοῦ</em></strong></span> 
     </span>
     <span class='ocr_line' id='line_1_3' title="bbox 110 331 504 386; baseline -0.008 0"><span class='ocrx_word' id='word_1_10' title='bbox 110 333 237 374; x_wconf 88' lang='grc' dir='ltr'><em>ΑΓΓ-</em></span> <span class='ocrx_word' id='word_1_11' title='bbox 289 331 354 386; x_wconf 77' lang='grc' dir='ltr'><strong><em>[τί</em></strong></span> <span class='ocrx_word' id='word_1_12' title='bbox 380 332 504 386; x_wconf 18' lang='grc' dir='ltr'><strong><em>φήςει]</em></strong></span> 
     </span>
     <span class='ocr_line' id='line_1_4' title="bbox 286 400 1303 457; baseline 0.001 -13"><span class='ocrx_word' id='word_1_13' title='bbox 286 401 472 456; x_wconf 76' lang='grc' dir='ltr'><strong><em>νεφέλης</em></strong></span> <span class='ocrx_word' id='word_1_14' title='bbox 503 400 573 456; x_wconf 75' lang='grc' dir='ltr'><strong><em>ἄρ’</em></strong></span> <span class='ocrx_word' id='word_1_15' title='bbox 609 403 750 452; x_wconf 79' lang='grc' dir='ltr'><strong><em>ἄλλως</em></strong></span> <span class='ocrx_word' id='word_1_16' title='bbox 782 406 957 457; x_wconf 72' lang='grc' dir='ltr'><strong><em>εἴχομεν</em></strong></span> <span class='ocrx_word' id='word_1_17' title='bbox 988 404 1154 453; x_wconf 80' lang='grc' dir='ltr'><strong><em>πόνους</em></strong></span> <span class='ocrx_word' id='word_1_18' title='bbox 1184 402 1303 457; x_wconf 86' lang='grc' dir='ltr'><strong><em>πέρι;</em></strong></span> 
     </span>
     <span class='ocr_line' id='line_1_5' title="bbox 110 469 1298 528; baseline -0.001 -13"><span class='ocrx_word' id='word_1_19' title='bbox 110 476 211 515; x_wconf 89' lang='lat' dir='ltr'><strong><em>ME.</em></strong></span> <span class='ocrx_word' id='word_1_20' title='bbox 275 471 416 526; x_wconf 64' lang='lat' dir='ltr'><strong><em>‘&#39;HQag</em></strong></span> <span class='ocrx_word' id='word_1_21' title='bbox 447 469 540 514; x_wconf 86' lang='grc' dir='ltr'><strong><em>τάδ’</em></strong></span> <span class='ocrx_word' id='word_1_22' title='bbox 578 475 684 527; x_wconf 83' lang='grc' dir='ltr'><strong><em>ἔργα</em></strong></span> <span class='ocrx_word' id='word_1_23' title='bbox 716 472 788 515; x_wconf 89' lang='grc' dir='ltr'><strong><em>καὶ</em></strong></span> <span class='ocrx_word' id='word_1_24' title='bbox 819 477 942 515; x_wconf 86' lang='grc' dir='ltr'><strong><em>θεῶν</em></strong></span> <span class='ocrx_word' id='word_1_25' title='bbox 973 482 1165 528; x_wconf 87' lang='grc' dir='ltr'><strong><em>τρισσῶν</em></strong></span> <span class='ocrx_word' id='word_1_26' title='bbox 1198 475 1298 528; x_wconf 86' lang='grc' dir='ltr'><strong><em>ἔρις.</em></strong></span> 
     </span>
     <span class='ocr_line' id='line_1_6' title="bbox 110 540 1281 599; baseline 0.001 -14"><span class='ocrx_word' id='word_1_27' title='bbox 110 545 236 585; x_wconf 91' lang='grc' dir='ltr'><strong><em>ΑΓΓ.</em></strong></span> <span class='ocrx_word' id='word_1_28' title='bbox 287 543 313 597; x_wconf 79' lang='grc' dir='ltr'>ἡ</span> <span class='ocrx_word' id='word_1_29' title='bbox 347 542 386 585; x_wconf 92' lang='grc' dir='ltr'><strong><em>δ’</em></strong></span> <span class='ocrx_word' id='word_1_30' title='bbox 424 540 520 585; x_wconf 83' lang='grc' dir='ltr'><strong><em>οὗσ’</em></strong></span> <span class='ocrx_word' id='word_1_31' title='bbox 557 543 736 598; x_wconf 86' lang='grc' dir='ltr'><strong><em>ἀληθῶς</em></strong></span> <span class='ocrx_word' id='word_1_32' title='bbox 767 544 886 586; x_wconf 87' lang='grc' dir='ltr'><strong><em>ἐστιν</em></strong></span> <span class='ocrx_word' id='word_1_33' title='bbox 918 545 995 598; x_wconf 77' lang='grc' dir='ltr'><strong><em>ἥδε</em></strong></span> <span class='ocrx_word' id='word_1_34' title='bbox 1029 545 1082 598; x_wconf 86' lang='grc' dir='ltr'><strong><em>σὴ</em></strong></span> <span class='ocrx_word' id='word_1_35' title='bbox 1117 545 1281 599; x_wconf 87' lang='grc' dir='ltr'><strong><em>δάμαρ;</em></strong></span> 
     </span>
     <span class='ocr_line' id='line_1_7' title="bbox 108 613 1636 669; baseline -0.001 -13"><span class='ocrx_word' id='word_1_36' title='bbox 108 617 211 656; x_wconf 87' lang='grc' dir='ltr'><strong><em>ΜΕ.</em></strong></span> <span class='ocrx_word' id='word_1_37' title='bbox 288 615 414 669; x_wconf 85' lang='grc' dir='ltr'><strong><em>αὕτη·</em></strong></span> <span class='ocrx_word' id='word_1_38' title='bbox 447 616 595 668; x_wconf 79' lang='grc' dir='ltr'><em>λόγοις</em></span> <span class='ocrx_word' id='word_1_39' title='bbox 629 613 668 656; x_wconf 89' lang='grc' dir='ltr'><strong><em>δ’</em></strong></span> <span class='ocrx_word' id='word_1_40' title='bbox 707 614 849 669; x_wconf 82' lang='grc' dir='ltr'>ἐμοῖσι</span> <span class='ocrx_word' id='word_1_41' title='bbox 881 617 1120 657; x_wconf 79' lang='grc' dir='ltr'><strong><em>πίστευσον</em></strong></span> <span class='ocrx_word' id='word_1_42' title='bbox 1152 616 1267 656; x_wconf 90' lang='grc' dir='ltr'><strong><em>τάδε.</em></strong></span> <span class='ocrx_word' id='word_1_43' title='bbox 1569 628 1636 658; x_wconf 76' lang='lat'><strong><em>710</em></strong></span> 
     </span>
     <span class='ocr_line' id='line_1_8' title="bbox 109 682 1271 739; baseline 0.001 -13"><span class='ocrx_word' id='word_1_44' title='bbox 109 687 234 727; x_wconf 85' lang='grc' dir='ltr'><strong><em>ΑΓΓ.</em></strong></span> <span class='ocrx_word' id='word_1_45' title='bbox 286 682 320 727; x_wconf 83' lang='grc' dir='ltr'><em>ὦ</em></span> <span class='ocrx_word' id='word_1_46' title='bbox 351 686 561 739; x_wconf 76' lang='grc' dir='ltr'><em>θύγατερ,</em></span> <span class='ocrx_word' id='word_1_47' title='bbox 595 685 617 726; x_wconf 90' lang='grc' dir='ltr'><strong>ὁ</strong></span> <span class='ocrx_word' id='word_1_48' title='bbox 650 686 757 734; x_wconf 89' lang='grc' dir='ltr'><strong><em>θεὸς</em></strong></span> <span class='ocrx_word' id='word_1_49' title='bbox 789 686 847 735; x_wconf 85' lang='grc' dir='ltr'><strong><em>ὡς</em></strong></span> <span class='ocrx_word' id='word_1_50' title='bbox 879 687 964 738; x_wconf 91' lang='grc' dir='ltr'><strong><em>ἔφυ</em></strong></span> <span class='ocrx_word' id='word_1_51' title='bbox 996 702 1037 727; x_wconf 88' lang='grc' dir='ltr'><strong><em>τι</em></strong></span> <span class='ocrx_word' id='word_1_52' title='bbox 1068 688 1271 727; x_wconf 80' lang='grc' dir='ltr'><strong><em>ποικίλον</em></strong></span> 
     </span>
     <span class='ocr_line' id='line_1_9' title="bbox 286 752 1343 812; baseline 0.001 -15"><span class='ocrx_word' id='word_1_53' title='bbox 286 755 359 798; x_wconf 84' lang='grc' dir='ltr'><strong><em>καὶ</em></strong></span> <span class='ocrx_word' id='word_1_54' title='bbox 393 755 732 810; x_wconf 76' lang='grc' dir='ltr'><strong><em>δυστέκμαρτον.</em></strong></span> <span class='ocrx_word' id='word_1_55' title='bbox 795 752 845 798; x_wconf 81' lang='grc' dir='ltr'><strong><em>εὖ</em></strong></span> <span class='ocrx_word' id='word_1_56' title='bbox 878 755 930 798; x_wconf 85' lang='grc' dir='ltr'><strong><em>δέ</em></strong></span> <span class='ocrx_word' id='word_1_57' title='bbox 957 771 1048 806; x_wconf 89' lang='grc' dir='ltr'><strong><em>πως</em></strong></span> <span class='ocrx_word' id='word_1_58' title='bbox 1081 756 1343 812; x_wconf 79' lang='grc' dir='ltr'><strong><em>ἀναστρέφει</em></strong></span> 
     </span>
     <span class='ocr_line' id='line_1_10' title="bbox 286 824 1255 882; baseline 0.001 -14"><span class='ocrx_word' id='word_1_59' title='bbox 286 827 423 869; x_wconf 81' lang='grc' dir='ltr'><strong><em>ἐκεῖσε</em></strong></span> <span class='ocrx_word' id='word_1_60' title='bbox 455 824 618 869; x_wconf 87' lang='grc' dir='ltr'><strong><em>κάκεῖσ’</em></strong></span> <span class='ocrx_word' id='word_1_61' title='bbox 656 826 912 882; x_wconf 80' lang='grc' dir='ltr'><strong><em>ἀναφέρων·</em></strong></span> <span class='ocrx_word' id='word_1_62' title='bbox 947 827 970 869; x_wconf 91' lang='grc' dir='ltr'>ὃ</span> <span class='ocrx_word' id='word_1_63' title='bbox 1003 825 1084 882; x_wconf 76' lang='grc' dir='ltr'><strong><em>μὲν</em></strong></span> <span class='ocrx_word' id='word_1_64' title='bbox 1115 835 1255 880; x_wconf 89' lang='grc' dir='ltr'><strong><em>πονεῖ,</em></strong></span> 
     </span>
     <span class='ocr_line' id='line_1_11' title="bbox 285 894 1266 952; baseline 0.001 -13"><span class='ocrx_word' id='word_1_65' title='bbox 285 897 307 939; x_wconf 90' lang='grc' dir='ltr'><strong><em>ὃ</em></strong></span> <span class='ocrx_word' id='word_1_66' title='bbox 342 896 382 939; x_wconf 90' lang='grc' dir='ltr'><strong><em>δ’</em></strong></span> <span class='ocrx_word' id='word_1_67' title='bbox 419 898 472 939; x_wconf 87' lang='grc' dir='ltr'><strong><em>οὐ</em></strong></span> <span class='ocrx_word' id='word_1_68' title='bbox 504 899 701 952; x_wconf 81' lang='grc' dir='ltr'><strong><em>πονήσας</em></strong></span> <span class='ocrx_word' id='word_1_69' title='bbox 733 894 866 948; x_wconf 85' lang='grc' dir='ltr'><strong><em>αὖθις</em></strong></span> <span class='ocrx_word' id='word_1_70' title='bbox 898 899 1079 940; x_wconf 81' lang='grc' dir='ltr'><strong><em>ὄλλυται</em></strong></span> <span class='ocrx_word' id='word_1_71' title='bbox 1110 906 1266 951; x_wconf 88' lang='grc' dir='ltr'><strong><em>κακῶς,</em></strong></span> 
     </span>
     <span class='ocr_line' id='line_1_12' title="bbox 283 966 1634 1024; baseline 0.001 -14"><span class='ocrx_word' id='word_1_72' title='bbox 283 967 464 1023; x_wconf 89' lang='grc' dir='ltr'><strong><em>βέβαιον</em></strong></span> <span class='ocrx_word' id='word_1_73' title='bbox 491 966 624 1010; x_wconf 75' lang='grc' dir='ltr'><strong><em>οὐδὲν</em></strong></span> <span class='ocrx_word' id='word_1_74' title='bbox 656 975 732 1024; x_wconf 86' lang='grc' dir='ltr'><strong><em>τῆς</em></strong></span> <span class='ocrx_word' id='word_1_75' title='bbox 763 967 830 1011; x_wconf 87' lang='grc' dir='ltr'><strong><em>ἀεὶ</em></strong></span> <span class='ocrx_word' id='word_1_76' title='bbox 861 969 994 1024; x_wconf 87' lang='grc' dir='ltr'><strong><em>τύχης</em></strong></span> <span class='ocrx_word' id='word_1_77' title='bbox 1026 971 1150 1024; x_wconf 86' lang='grc' dir='ltr'><strong><em>ἔχων.</em></strong></span> <span class='ocrx_word' id='word_1_78' title='bbox 1568 982 1634 1011; x_wconf 78' lang='grc'><strong>715</strong></span> 
     </span>
     <span class='ocr_line' id='line_1_13' title="bbox 285 1039 1254 1095; baseline 0.001 -14"><span class='ocrx_word' id='word_1_79' title='bbox 285 1041 341 1081; x_wconf 86' lang='grc' dir='ltr'><strong><em>σὺ</em></strong></span> <span class='ocrx_word' id='word_1_80' title='bbox 373 1040 456 1093; x_wconf 85' lang='grc' dir='ltr'><strong><em>γὰρ</em></strong></span> <span class='ocrx_word' id='word_1_81' title='bbox 489 1042 617 1089; x_wconf 82' lang='grc' dir='ltr'><strong><em>πόσις</em></strong></span> <span class='ocrx_word' id='word_1_82' title='bbox 647 1055 692 1081; x_wconf 86' lang='grc' dir='ltr'><strong><em>τε</em></strong></span> <span class='ocrx_word' id='word_1_83' title='bbox 725 1040 801 1089; x_wconf 87' lang='grc' dir='ltr'><strong><em>σὸς</em></strong></span> <span class='ocrx_word' id='word_1_84' title='bbox 831 1041 984 1082; x_wconf 88' lang='grc' dir='ltr'><strong><em>πόνων</em></strong></span> <span class='ocrx_word' id='word_1_85' title='bbox 1016 1039 1254 1095; x_wconf 84' lang='grc' dir='ltr'><strong><em>μετέσχετε,</em></strong></span> 
     </span>
     <span class='ocr_line' id='line_1_14' title="bbox 286 1108 1279 1168; baseline 0.001 -15"><span class='ocrx_word' id='word_1_86' title='bbox 286 1112 342 1153; x_wconf 88' lang='grc' dir='ltr'><strong><em>σὺ</em></strong></span> <span class='ocrx_word' id='word_1_87' title='bbox 374 1108 453 1165; x_wconf 73' lang='grc' dir='ltr'><strong><em>μὲν</em></strong></span> <span class='ocrx_word' id='word_1_88' title='bbox 485 1112 702 1164; x_wconf 82' lang='grc' dir='ltr'><strong><em>λόγοισιν,</em></strong></span> <span class='ocrx_word' id='word_1_89' title='bbox 735 1111 757 1152; x_wconf 92' lang='grc' dir='ltr'><strong>ὃ</strong></span> <span class='ocrx_word' id='word_1_90' title='bbox 792 1109 839 1153; x_wconf 78' lang='grc' dir='ltr'><strong><em>δὲ</em></strong></span> <span class='ocrx_word' id='word_1_91' title='bbox 873 1112 1005 1165; x_wconf 88' lang='grc' dir='ltr'><strong><em>δορὸς</em></strong></span> <span class='ocrx_word' id='word_1_92' title='bbox 1035 1113 1279 1168; x_wconf 80' lang='grc' dir='ltr'><strong><em>προθυμία.</em></strong></span> 
     </span>
     <span class='ocr_line' id='line_1_15' title="bbox 283 1178 1498 1238; baseline 0 -15"><span class='ocrx_word' id='word_1_93' title='bbox 283 1182 488 1224; x_wconf 81' lang='grc' dir='ltr'><strong><em>σπεύδων</em></strong></span> <span class='ocrx_word' id='word_1_94' title='bbox 522 1178 562 1223; x_wconf 88' lang='grc' dir='ltr'><strong><em>δ’</em></strong></span> <span class='ocrx_word' id='word_1_95' title='bbox 599 1178 663 1223; x_wconf 84' lang='grc' dir='ltr'><strong><em>ὅτ’</em></strong></span> <span class='ocrx_word' id='word_1_96' title='bbox 700 1178 876 1224; x_wconf 79' lang='grc' dir='ltr'><strong><em>ἔσπευδ’</em></strong></span> <span class='ocrx_word' id='word_1_97' title='bbox 913 1180 1046 1224; x_wconf 78' lang='grc' dir='ltr'><strong><em>οὐδὲν</em></strong></span> <span class='ocrx_word' id='word_1_98' title='bbox 1080 1179 1183 1238; x_wconf 80' lang='grc' dir='ltr'><strong><em>εἶχε·</em></strong></span> <span class='ocrx_word' id='word_1_99' title='bbox 1216 1189 1301 1225; x_wconf 89' lang='grc' dir='ltr'><strong><em>νῦν</em></strong></span> <span class='ocrx_word' id='word_1_100' title='bbox 1334 1181 1376 1224; x_wconf 89' lang='grc' dir='ltr'><strong><em>δ’</em></strong></span> <span class='ocrx_word' id='word_1_101' title='bbox 1413 1184 1498 1238; x_wconf 82' lang='grc' dir='ltr'><strong><em>ἔχει</em></strong></span> 
     </span>
     <span class='ocr_line' id='line_1_16' title="bbox 283 1249 1229 1309; baseline 0.002 -15"><span class='ocrx_word' id='word_1_102' title='bbox 283 1253 505 1307; x_wconf 86' lang='grc' dir='ltr'><strong><em>αὐτόματα</em></strong></span> <span class='ocrx_word' id='word_1_103' title='bbox 536 1252 702 1307; x_wconf 80' lang='grc' dir='ltr'><strong><em>πράξας</em></strong></span> <span class='ocrx_word' id='word_1_104' title='bbox 732 1249 890 1307; x_wconf 87' lang='grc' dir='ltr'><strong><em>τάγάθ’</em></strong></span> <span class='ocrx_word' id='word_1_105' title='bbox 927 1253 1229 1309; x_wconf 85' lang='grc' dir='ltr'><strong><em>εὐτυχέστατα.</em></strong></span> 
     </span>
     <span class='ocr_line' id='line_1_17' title="bbox 285 1322 1633 1380; baseline 0.001 -15"><span class='ocrx_word' id='word_1_106' title='bbox 285 1324 366 1366; x_wconf 88' lang='grc' dir='ltr'><strong><em>οὐκ</em></strong></span> <span class='ocrx_word' id='word_1_107' title='bbox 397 1324 481 1379; x_wconf 78' lang='grc' dir='ltr'><strong><em>ἄρα</em></strong></span> <span class='ocrx_word' id='word_1_108' title='bbox 513 1322 700 1379; x_wconf 86' lang='grc' dir='ltr'><strong><em>γέροντα</em></strong></span> <span class='ocrx_word' id='word_1_109' title='bbox 731 1323 895 1379; x_wconf 90' lang='grc' dir='ltr'><strong><em>πατέρα</em></strong></span> <span class='ocrx_word' id='word_1_110' title='bbox 927 1323 999 1366; x_wconf 86' lang='grc' dir='ltr'><strong><em>καὶ</em></strong></span> <span class='ocrx_word' id='word_1_111' title='bbox 1032 1327 1268 1380; x_wconf 86' lang='grc' dir='ltr'><strong><em>Διοσκόρω</em></strong></span> <span class='ocrx_word' id='word_1_112' title='bbox 1566 1338 1633 1368; x_wconf 70' lang='lat'><strong><em>720</em></strong></span> 
     </span>
     <span class='ocr_line' id='line_1_18' title="bbox 284 1391 1181 1451; baseline 0.002 -15"><span class='ocrx_word' id='word_1_113' title='bbox 284 1394 479 1450; x_wconf 68' lang='grc' dir='ltr'><strong><em>’ᾔσχυνας</em></strong></span> <span class='ocrx_word' id='word_1_114' title='bbox 512 1394 608 1438; x_wconf 88' lang='grc' dir='ltr'><strong><em>οὐδ’</em></strong></span> <span class='ocrx_word' id='word_1_115' title='bbox 646 1396 833 1450; x_wconf 82' lang='grc' dir='ltr'><strong><em>ἔδρασας</em></strong></span> <span class='ocrx_word' id='word_1_116' title='bbox 867 1391 937 1437; x_wconf 82' lang='grc' dir='ltr'><strong><em>οἷα</em></strong></span> <span class='ocrx_word' id='word_1_117' title='bbox 969 1395 1181 1451; x_wconf 76' lang='grc' dir='ltr'><strong><em>κλῄζεται.</em></strong></span> 
     </span>
     <span class='ocr_line' id='line_1_19' title="bbox 280 1465 1300 1521; baseline 0.001 -14"><span class='ocrx_word' id='word_1_118' title='bbox 280 1471 365 1507; x_wconf 88' lang='grc' dir='ltr'><strong><em>νῦν</em></strong></span> <span class='ocrx_word' id='word_1_119' title='bbox 397 1465 668 1521; x_wconf 85' lang='grc' dir='ltr'><strong><em>ἀνανεοῦμαι</em></strong></span> <span class='ocrx_word' id='word_1_120' title='bbox 698 1467 776 1508; x_wconf 87' lang='grc' dir='ltr'><strong><em>τὸν</em></strong></span> <span class='ocrx_word' id='word_1_121' title='bbox 809 1468 890 1509; x_wconf 87' lang='grc' dir='ltr'><strong><em>σὸν</em></strong></span> <span class='ocrx_word' id='word_1_122' title='bbox 921 1465 1135 1521; x_wconf 87' lang='grc' dir='ltr'><strong><em>ὑμέναιον</em></strong></span> <span class='ocrx_word' id='word_1_123' title='bbox 1166 1467 1300 1509; x_wconf 88' lang='grc' dir='ltr'><strong><em>πάλιν</em></strong></span> 
     </span>
     <span class='ocr_line' id='line_1_20' title="bbox 283 1534 1280 1592; baseline 0.002 -14"><span class='ocrx_word' id='word_1_124' title='bbox 283 1535 356 1578; x_wconf 86' lang='grc' dir='ltr'><strong><em>καὶ</em></strong></span> <span class='ocrx_word' id='word_1_125' title='bbox 389 1538 630 1592; x_wconf 81' lang='grc' dir='ltr'><strong><em>λαμπάδων</em></strong></span> <span class='ocrx_word' id='word_1_126' title='bbox 662 1534 907 1592; x_wconf 83' lang='grc' dir='ltr'><strong><em>μεμνήμεθ’</em></strong></span> <span class='ocrx_word' id='word_1_127' title='bbox 946 1537 995 1587; x_wconf 80' lang='grc' dir='ltr'><strong><em>ἃς</em></strong></span> <span class='ocrx_word' id='word_1_128' title='bbox 1027 1539 1280 1592; x_wconf 90' lang='grc' dir='ltr'><strong><em>τετραόροις</em></strong></span> 
     </span>
     <span class='ocr_line' id='line_1_21' title="bbox 281 1605 1446 1664; baseline 0.002 -15"><span class='ocrx_word' id='word_1_129' title='bbox 281 1608 430 1658; x_wconf 81' lang='grc' dir='ltr'><strong><em>ἵπποις</em></strong></span> <span class='ocrx_word' id='word_1_130' title='bbox 460 1609 682 1663; x_wconf 79' lang='grc' dir='ltr'><strong><em>τροχάζων</em></strong></span> <span class='ocrx_word' id='word_1_131' title='bbox 713 1608 982 1663; x_wconf 84' lang='grc' dir='ltr'><strong><em>παρέφερον·</em></strong></span> <span class='ocrx_word' id='word_1_132' title='bbox 1022 1611 1076 1650; x_wconf 89' lang='grc' dir='ltr'><strong><em>σὺ</em></strong></span> <span class='ocrx_word' id='word_1_133' title='bbox 1111 1605 1150 1650; x_wconf 91' lang='grc' dir='ltr'><strong><em>δ’</em></strong></span> <span class='ocrx_word' id='word_1_134' title='bbox 1187 1608 1234 1651; x_wconf 83' lang='grc' dir='ltr'><strong><em>ἐν</em></strong></span> <span class='ocrx_word' id='word_1_135' title='bbox 1268 1610 1446 1664; x_wconf 90' lang='grc' dir='ltr'><strong><em>δίφροις</em></strong></span> 
     </span>
     <span class='ocr_line' id='line_1_22' title="bbox 282 1676 1634 1736; baseline 0 -15"><span class='ocrx_word' id='word_1_136' title='bbox 282 1678 361 1729; x_wconf 83' lang='grc' dir='ltr'><strong><em>ξὺν</em></strong></span> <span class='ocrx_word' id='word_1_137' title='bbox 393 1680 506 1736; x_wconf 74' lang='grc' dir='ltr'><strong><em>τῷδε</em></strong></span> <span class='ocrx_word' id='word_1_138' title='bbox 538 1680 691 1734; x_wconf 86' lang='grc' dir='ltr'><strong><em>νύμφη</em></strong></span> <span class='ocrx_word' id='word_1_139' title='bbox 726 1676 835 1734; x_wconf 85' lang='grc' dir='ltr'><strong><em>δῶμ’</em></strong></span> <span class='ocrx_word' id='word_1_140' title='bbox 872 1682 1039 1730; x_wconf 82' lang='grc' dir='ltr'><strong><em>ἔλειπες</em></strong></span> <span class='ocrx_word' id='word_1_141' title='bbox 1071 1681 1238 1734; x_wconf 81' lang='grc' dir='ltr'><strong><em>ὄλβιον.</em></strong></span> <span class='ocrx_word' id='word_1_142' title='bbox 1567 1692 1634 1722; x_wconf 72' lang='lat'><strong><em>725</em></strong></span> 
     </span>
     <span class='ocr_line' id='line_1_23' title="bbox 281 1749 1266 1805; baseline 0.001 -13"><span class='ocrx_word' id='word_1_143' title='bbox 281 1750 414 1800; x_wconf 88' lang='grc' dir='ltr'><strong><em>κακὸς</em></strong></span> <span class='ocrx_word' id='word_1_144' title='bbox 444 1751 529 1804; x_wconf 83' lang='grc' dir='ltr'><strong><em>γὰρ</em></strong></span> <span class='ocrx_word' id='word_1_145' title='bbox 562 1750 681 1800; x_wconf 85' lang='grc' dir='ltr'><strong><em>ὅστις</em></strong></span> <span class='ocrx_word' id='word_1_146' title='bbox 713 1751 769 1805; x_wconf 85' lang='grc' dir='ltr'><strong><em>μὴ</em></strong></span> <span class='ocrx_word' id='word_1_147' title='bbox 804 1749 923 1804; x_wconf 87' lang='grc' dir='ltr'><strong><em>σέβει</em></strong></span> <span class='ocrx_word' id='word_1_148' title='bbox 954 1752 1007 1792; x_wconf 83' lang='grc' dir='ltr'><strong><em>τὰ</em></strong></span> <span class='ocrx_word' id='word_1_149' title='bbox 1039 1752 1266 1794; x_wconf 86' lang='grc' dir='ltr'><strong><em>δεσποτῶν</em></strong></span> 
     </span>
     <span class='ocr_line' id='line_1_24' title="bbox 279 1820 1199 1876; baseline 0.002 -14"><span class='ocrx_word' id='word_1_150' title='bbox 279 1820 352 1863; x_wconf 90' lang='grc' dir='ltr'><strong><em>καὶ</em></strong></span> <span class='ocrx_word' id='word_1_151' title='bbox 385 1820 632 1876; x_wconf 78' lang='grc' dir='ltr'><strong><em>ξυγγέγηθε</em></strong></span> <span class='ocrx_word' id='word_1_152' title='bbox 663 1821 734 1864; x_wconf 84' lang='grc' dir='ltr'><strong><em>καὶ</em></strong></span> <span class='ocrx_word' id='word_1_153' title='bbox 768 1823 1008 1864; x_wconf 87' lang='grc' dir='ltr'><strong><em>συνωδίνει</em></strong></span> <span class='ocrx_word' id='word_1_154' title='bbox 1038 1830 1199 1872; x_wconf 81' lang='grc' dir='ltr'><strong><em>κακοῖς.</em></strong></span> 
     </span>
     <span class='ocr_line' id='line_1_25' title="bbox 281 1891 1258 1949; baseline 0.002 -15"><span class='ocrx_word' id='word_1_155' title='bbox 281 1891 365 1946; x_wconf 85' lang='grc' dir='ltr'><strong><em>ἐγὼ</em></strong></span> <span class='ocrx_word' id='word_1_156' title='bbox 399 1891 478 1947; x_wconf 76' lang='grc' dir='ltr'><strong><em>μὲν</em></strong></span> <span class='ocrx_word' id='word_1_157' title='bbox 511 1896 620 1947; x_wconf 83' lang='grc' dir='ltr'><strong><em>εἴην,</em></strong></span> <span class='ocrx_word' id='word_1_158' title='bbox 653 1894 722 1935; x_wconf 84' lang='grc' dir='ltr'><strong><em>κεί</em></strong></span> <span class='ocrx_word' id='word_1_159' title='bbox 749 1891 908 1948; x_wconf 88' lang='grc' dir='ltr'><strong><em>πέφυχ’</em></strong></span> <span class='ocrx_word' id='word_1_160' title='bbox 946 1893 1064 1948; x_wconf 81' lang='grc' dir='ltr'><strong><em>ὅμως</em></strong></span> <span class='ocrx_word' id='word_1_161' title='bbox 1096 1894 1258 1949; x_wconf 78' lang='grc' dir='ltr'><strong><em>λάτρις,</em></strong></span> 
     </span>
     <span class='ocr_line' id='line_1_26' title="bbox 281 1962 1116 2019; baseline 0.002 -15"><span class='ocrx_word' id='word_1_162' title='bbox 281 1962 329 2004; x_wconf 84' lang='grc' dir='ltr'><strong><em>ἐν</em></strong></span> <span class='ocrx_word' id='word_1_163' title='bbox 360 1970 475 2005; x_wconf 89' lang='grc' dir='ltr'><strong><em>τοῖσι</em></strong></span> <span class='ocrx_word' id='word_1_164' title='bbox 506 1965 781 2017; x_wconf 90' lang='grc' dir='ltr'><strong><em>γενναίοισιν</em></strong></span> <span class='ocrx_word' id='word_1_165' title='bbox 812 1963 1116 2019; x_wconf 83' lang='grc' dir='ltr'><strong><em>ἠριθμημένος</em></strong></span> 
     </span>
     <span class='ocr_line' id='line_1_27' title="bbox 283 2032 1632 2089; baseline -0.001 -14"><span class='ocrx_word' id='word_1_166' title='bbox 283 2034 499 2087; x_wconf 88' lang='grc' dir='ltr'><strong><em>δούλοισι,</em></strong></span> <span class='ocrx_word' id='word_1_167' title='bbox 532 2032 714 2087; x_wconf 86' lang='grc' dir='ltr'><strong><em>τοῦνομ’</em></strong></span> <span class='ocrx_word' id='word_1_168' title='bbox 751 2033 833 2076; x_wconf 88' lang='grc' dir='ltr'><strong><em>οὐκ</em></strong></span> <span class='ocrx_word' id='word_1_169' title='bbox 866 2036 978 2089; x_wconf 86' lang='grc' dir='ltr'><strong><em>ἔχων</em></strong></span> <span class='ocrx_word' id='word_1_170' title='bbox 1011 2033 1264 2089; x_wconf 84' lang='grc' dir='ltr'><strong><em>ἐλεύθερον,</em></strong></span> <span class='ocrx_word' id='word_1_171' title='bbox 1565 2046 1632 2076; x_wconf 75' lang='lat'><strong><em>730</em></strong></span> 
     </span>
     <span class='ocr_line' id='line_1_28' title="bbox 284 2103 1486 2160; baseline 0.002 -15"><span class='ocrx_word' id='word_1_172' title='bbox 284 2105 362 2146; x_wconf 88' lang='grc' dir='ltr'><strong><em>τὸν</em></strong></span> <span class='ocrx_word' id='word_1_173' title='bbox 393 2111 504 2146; x_wconf 87' lang='grc' dir='ltr'><strong><em>νοῦν</em></strong></span> <span class='ocrx_word' id='word_1_174' title='bbox 537 2104 603 2147; x_wconf 91' lang='grc' dir='ltr'><strong><em>δέ·</em></strong></span> <span class='ocrx_word' id='word_1_175' title='bbox 635 2112 840 2160; x_wconf 87' lang='grc' dir='ltr'><strong><em>κρεῖσσον</em></strong></span> <span class='ocrx_word' id='word_1_176' title='bbox 871 2106 954 2159; x_wconf 86' lang='grc' dir='ltr'><strong><em>γὰρ</em></strong></span> <span class='ocrx_word' id='word_1_177' title='bbox 987 2103 1078 2146; x_wconf 85' lang='grc' dir='ltr'><strong><em>τόδ’</em></strong></span> <span class='ocrx_word' id='word_1_178' title='bbox 1115 2104 1140 2160; x_wconf 79' lang='grc' dir='ltr'><em>ἢ</em></span> <span class='ocrx_word' id='word_1_179' title='bbox 1174 2106 1303 2147; x_wconf 82' lang='grc' dir='ltr'><strong><em>δυοῖν</em></strong></span> <span class='ocrx_word' id='word_1_180' title='bbox 1333 2112 1486 2147; x_wconf 85' lang='grc' dir='ltr'><strong><em>κακοῖν</em></strong></span> 
     </span>
     <span class='ocr_line' id='line_1_29' title="bbox 281 2173 1418 2231; baseline 0.001 -14"><span class='ocrx_word' id='word_1_181' title='bbox 281 2173 343 2217; x_wconf 80' lang='grc' dir='ltr'><strong><em>ἔν’</em></strong></span> <span class='ocrx_word' id='word_1_182' title='bbox 381 2176 487 2217; x_wconf 81' lang='grc' dir='ltr'><strong><em>ὄντα</em></strong></span> <span class='ocrx_word' id='word_1_183' title='bbox 519 2179 727 2231; x_wconf 84' lang='grc' dir='ltr'><strong><em>χρῆσθαι,</em></strong></span> <span class='ocrx_word' id='word_1_184' title='bbox 758 2176 835 2224; x_wconf 85' lang='grc' dir='ltr'><strong><em>τὰς</em></strong></span> <span class='ocrx_word' id='word_1_185' title='bbox 866 2173 1032 2230; x_wconf 88' lang='grc' dir='ltr'><strong><em>φρένας</em></strong></span> <span class='ocrx_word' id='word_1_186' title='bbox 1063 2173 1100 2216; x_wconf 88' lang='grc' dir='ltr'><strong><em>τ’</em></strong></span> <span class='ocrx_word' id='word_1_187' title='bbox 1138 2177 1254 2230; x_wconf 86' lang='grc' dir='ltr'><strong><em>ἔχειν</em></strong></span> <span class='ocrx_word' id='word_1_188' title='bbox 1286 2177 1418 2226; x_wconf 78' lang='grc' dir='ltr'><strong><em>κακὰς</em></strong></span> 
     </span>
     <span class='ocr_line' id='line_1_30' title="bbox 280 2245 1341 2297; baseline 0.001 -9"><span class='ocrx_word' id='word_1_189' title='bbox 280 2247 426 2288; x_wconf 78' lang='grc' dir='ltr'><strong><em>ἄλλων</em></strong></span> <span class='ocrx_word' id='word_1_190' title='bbox 457 2245 493 2288; x_wconf 91' lang='grc' dir='ltr'><strong><em>τ’</em></strong></span> <span class='ocrx_word' id='word_1_191' title='bbox 530 2246 709 2288; x_wconf 86' lang='grc' dir='ltr'><strong><em>ἀκούειν</em></strong></span> <span class='ocrx_word' id='word_1_192' title='bbox 742 2246 906 2288; x_wconf 89' lang='grc' dir='ltr'><strong><em>δοῦλον</em></strong></span> <span class='ocrx_word' id='word_1_193' title='bbox 938 2247 1044 2288; x_wconf 79' lang='grc' dir='ltr'><strong><em>ὄντα</em></strong></span> <span class='ocrx_word' id='word_1_194' title='bbox 1077 2253 1166 2288; x_wconf 89' lang='grc' dir='ltr'><strong><em>τῶν</em></strong></span> <span class='ocrx_word' id='word_1_195' title='bbox 1197 2245 1341 2297; x_wconf 88' lang='grc' dir='ltr'><strong><em>πέλας.</em></strong></span> 
     </span>
     <span class='ocr_line' id='line_1_31' title="bbox 103 2313 1245 2372; baseline 0 -14"><span class='ocrx_word' id='word_1_196' title='bbox 103 2319 204 2359; x_wconf 90' lang='grc' dir='ltr'><strong><em>ΜΕ.</em></strong></span> <span class='ocrx_word' id='word_1_197' title='bbox 278 2313 364 2371; x_wconf 78' lang='grc' dir='ltr'><strong><em>ἄγ’,</em></strong></span> <span class='ocrx_word' id='word_1_198' title='bbox 398 2314 431 2359; x_wconf 82' lang='grc' dir='ltr'><em>ὦ</em></span> <span class='ocrx_word' id='word_1_199' title='bbox 463 2316 626 2372; x_wconf 91' lang='grc' dir='ltr'><strong><em>γεραιέ,</em></strong></span> <span class='ocrx_word' id='word_1_200' title='bbox 658 2317 798 2359; x_wconf 82' lang='grc' dir='ltr'><strong><em>πολλὰ</em></strong></span> <span class='ocrx_word' id='word_1_201' title='bbox 829 2314 910 2371; x_wconf 74' lang='grc' dir='ltr'><strong><em>μὲν</em></strong></span> <span class='ocrx_word' id='word_1_202' title='bbox 940 2315 1043 2371; x_wconf 88' lang='grc' dir='ltr'><strong><em>παρ’</em></strong></span> <span class='ocrx_word' id='word_1_203' title='bbox 1081 2316 1245 2359; x_wconf 89' lang='grc' dir='ltr'><strong><em>ἀσπίδα</em></strong></span> 
     </span>
    </p>
   </div>
   <div class='ocr_carea' id='block_1_3' title="bbox 104 2466 1632 2621">
    <p class='ocr_par' dir='ltr' id='par_1_3' title="bbox 104 2466 1632 2621">
     <span class='ocr_line' id='line_1_32' title="bbox 200 2466 1632 2514; baseline -0.001 -12"><span class='ocrx_word' id='word_1_204' title='bbox 200 2472 266 2502; x_wconf 84' lang='grc'><strong><em>705</em></strong></span> <span class='ocrx_word' id='word_1_205' title='bbox 295 2468 432 2503; x_wconf 74' lang='lat' dir='ltr'><strong>delevit</strong></span> <span class='ocrx_word' id='word_1_206' title='bbox 457 2468 653 2503; x_wconf 84' lang='lat' dir='ltr'>Kirehhoff</span> <span class='ocrx_word' id='word_1_207' title='bbox 771 2473 836 2503; x_wconf 86' lang='grc'><strong><em>706</em></strong></span> <span class='ocrx_word' id='word_1_208' title='bbox 863 2479 1043 2513; x_wconf 83' lang='lat' dir='ltr'>personae</span> <span class='ocrx_word' id='word_1_209' title='bbox 1068 2471 1158 2503; x_wconf 76' lang='lat' dir='ltr'><strong>nota</strong></span> <span class='ocrx_word' id='word_1_210' title='bbox 1185 2468 1290 2503; x_wconf 68' lang='lat' dir='ltr'>deesb</span> <span class='ocrx_word' id='word_1_211' title='bbox 1314 2468 1352 2502; x_wconf 88' lang='lat' dir='ltr'><strong><em>in</em></strong></span> <span class='ocrx_word' id='word_1_212' title='bbox 1380 2468 1414 2502; x_wconf 82' lang='lat' dir='ltr'><em>L</em></span> <span class='ocrx_word' id='word_1_213' title='bbox 1445 2470 1449 2514; x_wconf 88' lang='grc' dir='ltr'>Ι</span> <span class='ocrx_word' id='word_1_214' title='bbox 1482 2466 1514 2502; x_wconf 80' lang='grc' dir='ltr'><strong><em>τί</em></strong></span> <span class='ocrx_word' id='word_1_215' title='bbox 1541 2468 1632 2512; x_wconf 77' lang='grc' dir='ltr'><strong><em>φής;</em></strong></span> 
     </span>
     <span class='ocr_line' id='line_1_33' title="bbox 104 2519 1627 2568; baseline -0.001 -12"><span class='ocrx_word' id='word_1_216' title='bbox 104 2521 243 2556; x_wconf 72' lang='lat' dir='ltr'>delevit</span> <span class='ocrx_word' id='word_1_217' title='bbox 263 2521 447 2556; x_wconf 68' lang='lat' dir='ltr'>Matthiae</span> <span class='ocrx_word' id='word_1_218' title='bbox 544 2526 611 2556; x_wconf 79' lang='lat'><strong><em>708</em></strong></span> <span class='ocrx_word' id='word_1_219' title='bbox 638 2522 700 2556; x_wconf 82' lang='grc' dir='ltr'><strong><em>καὶ</em></strong></span> <span class='ocrx_word' id='word_1_220' title='bbox 729 2549 736 2556; x_wconf 91' lang='grc'><strong><em>.</em></strong></span> <span class='ocrx_word' id='word_1_221' title='bbox 763 2549 770 2556; x_wconf 91' lang='grc'><strong>.</strong></span> <span class='ocrx_word' id='word_1_222' title='bbox 799 2521 887 2568; x_wconf 76' lang='grc' dir='ltr'><strong><em>ἔρις]</em></strong></span> <span class='ocrx_word' id='word_1_223' title='bbox 915 2521 978 2557; x_wconf 78' lang='grc' dir='ltr'><strong><em>διὰ</em></strong></span> <span class='ocrx_word' id='word_1_224' title='bbox 1006 2552 1012 2557; x_wconf 88' lang='grc'><strong><em>.</em></strong></span> <span class='ocrx_word' id='word_1_225' title='bbox 1041 2552 1047 2557; x_wconf 96' lang='grc'><strong><em>.</em></strong></span> <span class='ocrx_word' id='word_1_226' title='bbox 1076 2522 1153 2566; x_wconf 80' lang='grc' dir='ltr'><strong><em>ἔριν</em></strong></span> <span class='ocrx_word' id='word_1_227' title='bbox 1173 2521 1398 2556; x_wconf 80' lang='lat' dir='ltr'>Herwerden</span> <span class='ocrx_word' id='word_1_228' title='bbox 1497 2525 1563 2555; x_wconf 85' lang='grc'><strong>710</strong></span> <span class='ocrx_word' id='word_1_229' title='bbox 1591 2519 1627 2555; x_wconf 87' lang='grc' dir='ltr'><strong><em>δ’</em></strong></span> 
     </span>
     <span class='ocr_line' id='line_1_34' title="bbox 105 2573 1630 2621; baseline 0 -13"><span class='ocrx_word' id='word_1_230' title='bbox 105 2574 205 2609; x_wconf 74' lang='lat' dir='ltr'><strong>delet</strong></span> <span class='ocrx_word' id='word_1_231' title='bbox 223 2574 448 2609; x_wconf 82' lang='lat' dir='ltr'>Herwerden</span> <span class='ocrx_word' id='word_1_232' title='bbox 471 2577 474 2620; x_wconf 89' lang='grc' dir='ltr'>Ι</span> <span class='ocrx_word' id='word_1_233' title='bbox 497 2574 602 2621; x_wconf 86' lang='grc' dir='ltr'><strong><em>τάδε]</em></strong></span> <span class='ocrx_word' id='word_1_234' title='bbox 628 2574 712 2609; x_wconf 74' lang='lat' dir='ltr'><strong>fort.</strong></span> <span class='ocrx_word' id='word_1_235' title='bbox 739 2573 823 2609; x_wconf 87' lang='grc' dir='ltr'><strong><em>τόδε</em></strong></span> <span class='ocrx_word' id='word_1_236' title='bbox 916 2579 982 2609; x_wconf 88' lang='grc'><strong><em>711</em></strong></span> <span class='ocrx_word' id='word_1_237' title='bbox 1012 2573 1147 2620; x_wconf 80' lang='grc' dir='ltr'><strong><em>σκέψαι</em></strong></span> <span class='ocrx_word' id='word_1_238' title='bbox 1174 2575 1243 2620; x_wconf 75' lang='grc' dir='ltr'><strong><em>γὰρ</em></strong></span> <span class='ocrx_word' id='word_1_239' title='bbox 1272 2575 1290 2609; x_wconf 88' lang='grc' dir='ltr'><em>ὁ</em></span> <span class='ocrx_word' id='word_1_240' title='bbox 1316 2575 1408 2614; x_wconf 82' lang='grc' dir='ltr'><strong><em>θεὸς</em></strong></span> <span class='ocrx_word' id='word_1_241' title='bbox 1435 2573 1474 2614; x_wconf 83' lang='grc' dir='ltr'><strong><em>ὃς</em></strong></span> <span class='ocrx_word' id='word_1_242' title='bbox 1499 2574 1567 2618; x_wconf 80' lang='grc' dir='ltr'><strong><em>ἔχει</em></strong></span> <span class='ocrx_word' id='word_1_243' title='bbox 1597 2587 1630 2608; x_wconf 86' lang='grc' dir='ltr'><strong><em>τι</em></strong></span> 
     </span>
    </p>
   </div>
   <div class='ocr_carea' id='block_1_4' title="bbox 103 2626 1630 2780">
    <p class='ocr_par' dir='ltr' id='par_1_4' title="bbox 103 2626 1630 2780">
     <span class='ocr_line' id='line_1_35' title="bbox 105 2626 1630 2674; baseline -0.001 -12"><span class='ocrx_word' id='word_1_244' title='bbox 105 2626 274 2663; x_wconf 79' lang='grc' dir='ltr'><strong><em>ποικίλον</em></strong></span> <span class='ocrx_word' id='word_1_245' title='bbox 298 2627 398 2662; x_wconf 78' lang='lat' dir='ltr'><strong>Stob.</strong></span> <span class='ocrx_word' id='word_1_246' title='bbox 421 2628 486 2662; x_wconf 87' lang='lat' dir='ltr'>ecl.</span> <span class='ocrx_word' id='word_1_247' title='bbox 514 2628 529 2661; x_wconf 94' lang='grc' dir='ltr'>Ι</span> <span class='ocrx_word' id='word_1_248' title='bbox 557 2632 587 2672; x_wconf 85' lang='grc'><strong>7,</strong></span> <span class='ocrx_word' id='word_1_249' title='bbox 609 2632 628 2662; x_wconf 89' lang='grc'><strong>6</strong></span> <span class='ocrx_word' id='word_1_250' title='bbox 729 2631 794 2662; x_wconf 75' lang='grc'><strong><em>712</em></strong></span> <span class='ocrx_word' id='word_1_251' title='bbox 822 2626 1060 2674; x_wconf 82' lang='grc' dir='ltr'><strong><em>ἀναστρέφει]</em></strong></span> <span class='ocrx_word' id='word_1_252' title='bbox 1087 2627 1209 2663; x_wconf 78' lang='grc' dir='ltr'><strong><em>πάντα</em></strong></span> <span class='ocrx_word' id='word_1_253' title='bbox 1236 2626 1381 2671; x_wconf 82' lang='grc' dir='ltr'><strong><em>στρέφει</em></strong></span> <span class='ocrx_word' id='word_1_254' title='bbox 1407 2627 1630 2662; x_wconf 78' lang='lat' dir='ltr'>Herwerden</span> 
     </span>
     <span class='ocr_line' id='line_1_36' title="bbox 199 2679 1626 2730; baseline -0.001 -14"><span class='ocrx_word' id='word_1_255' title='bbox 199 2686 266 2716; x_wconf 81' lang='grc'><strong><em>715</em></strong></span> <span class='ocrx_word' id='word_1_256' title='bbox 294 2683 486 2725; x_wconf 75' lang='lat' dir='ltr'><strong>suspectus</strong></span> <span class='ocrx_word' id='word_1_257' title='bbox 608 2684 674 2714; x_wconf 88' lang='grc'><strong><em>717</em></strong></span> <span class='ocrx_word' id='word_1_258' title='bbox 708 2681 818 2724; x_wconf 86' lang='grc' dir='ltr'><strong><em>δορὸς</em></strong></span> <span class='ocrx_word' id='word_1_259' title='bbox 848 2680 1021 2730; x_wconf 68' lang='grc' dir='ltr'><strong><em>τρικυμία</em></strong></span> <span class='ocrx_word' id='word_1_260' title='bbox 1053 2681 1092 2716; x_wconf 88' lang='grc' dir='ltr'><strong><em>Ε.</em></strong></span> <span class='ocrx_word' id='word_1_261' title='bbox 1122 2681 1247 2714; x_wconf 84' lang='lat' dir='ltr'>Bruhn</span> <span class='ocrx_word' id='word_1_262' title='bbox 1370 2684 1435 2715; x_wconf 88' lang='grc'><strong><em>718</em></strong></span> <span class='ocrx_word' id='word_1_263' title='bbox 1463 2679 1537 2726; x_wconf 82' lang='grc' dir='ltr'><strong><em>ὅτ’]</em></strong></span> <span class='ocrx_word' id='word_1_264' title='bbox 1571 2679 1626 2714; x_wconf 86' lang='grc' dir='ltr'><strong><em>ὅσ’</em></strong></span> 
     </span>
     <span class='ocr_line' id='line_1_37' title="bbox 103 2729 1627 2780; baseline 0 -12"><span class='ocrx_word' id='word_1_265' title='bbox 103 2735 245 2779; x_wconf 80' lang='lat' dir='ltr'>Burges</span> <span class='ocrx_word' id='word_1_266' title='bbox 268 2735 273 2779; x_wconf 77' lang='grc'>1</span> <span class='ocrx_word' id='word_1_267' title='bbox 296 2731 385 2779; x_wconf 80' lang='grc' dir='ltr'><strong><em>εἶχε]</em></strong></span> <span class='ocrx_word' id='word_1_268' title='bbox 412 2734 495 2768; x_wconf 76' lang='lat' dir='ltr'>fort.</span> <span class='ocrx_word' id='word_1_269' title='bbox 523 2729 588 2778; x_wconf 79' lang='grc' dir='ltr'><strong><em>ἧνε</em></strong></span> <span class='ocrx_word' id='word_1_270' title='bbox 707 2738 835 2777; x_wconf 64' lang='grc' dir='ltr'><strong>7205ᾳ.</strong></span> <span class='ocrx_word' id='word_1_271' title='bbox 864 2733 964 2769; x_wconf 73' lang='lat' dir='ltr'>delet</span> <span class='ocrx_word' id='word_1_272' title='bbox 988 2736 1030 2770; x_wconf 84' lang='lat' dir='ltr'><strong><em>A.</em></strong></span> <span class='ocrx_word' id='word_1_273' title='bbox 1058 2733 1221 2768; x_wconf 74' lang='lat' dir='ltr'>Mancini</span> <span class='ocrx_word' id='word_1_274' title='bbox 1338 2737 1404 2767; x_wconf 78' lang='grc'><strong><em>725</em></strong></span> <span class='ocrx_word' id='word_1_275' title='bbox 1432 2734 1498 2767; x_wconf 80' lang='grc' dir='ltr'><strong><em>σὺν</em></strong></span> <span class='ocrx_word' id='word_1_276' title='bbox 1524 2733 1601 2768; x_wconf 81' lang='lat' dir='ltr'><strong><em>LG</em></strong></span> <span class='ocrx_word' id='word_1_277' title='bbox 1624 2750 1627 2780; x_wconf 67' lang='lat'>1</span> 
     </span>
    </p>
   </div>
   <div class='ocr_carea' id='block_1_5' title="bbox 105 2785 1632 2938">
    <p class='ocr_par' dir='ltr' id='par_1_5' title="bbox 105 2785 1632 2938">
     <span class='ocr_line' id='line_1_38' title="bbox 105 2785 1536 2834; baseline -0.001 -12"><span class='ocrx_word' id='word_1_278' title='bbox 105 2787 256 2834; x_wconf 77' lang='grc' dir='ltr'><strong><em>ἔλειπες]</em></strong></span> <span class='ocrx_word' id='word_1_279' title='bbox 284 2786 432 2830; x_wconf 77' lang='lat' dir='ltr'>Aldina,</span> <span class='ocrx_word' id='word_1_280' title='bbox 458 2787 576 2827; x_wconf 78' lang='grc' dir='ltr'><strong><em>ἔλιπες</em></strong></span> <span class='ocrx_word' id='word_1_281' title='bbox 602 2786 680 2821; x_wconf 77' lang='lat' dir='ltr'><strong><em>LG</em></strong></span> <span class='ocrx_word' id='word_1_282' title='bbox 703 2788 706 2832; x_wconf 74' lang='grc' dir='ltr'>Ι</span> <span class='ocrx_word' id='word_1_283' title='bbox 730 2786 813 2821; x_wconf 77' lang='lat' dir='ltr'>fort.</span> <span class='ocrx_word' id='word_1_284' title='bbox 841 2785 946 2833; x_wconf 85' lang='grc' dir='ltr'><strong><em>ὀλβία</em></strong></span> <span class='ocrx_word' id='word_1_285' title='bbox 1034 2791 1099 2821; x_wconf 75' lang='grc'><strong><em>727</em></strong></span> <span class='ocrx_word' id='word_1_286' title='bbox 1127 2787 1271 2832; x_wconf 78' lang='grc' dir='ltr'><strong><em>κακοῖς]</em></strong></span> <span class='ocrx_word' id='word_1_287' title='bbox 1298 2786 1382 2820; x_wconf 76' lang='lat' dir='ltr'><strong>fort.</strong></span> <span class='ocrx_word' id='word_1_288' title='bbox 1408 2786 1536 2831; x_wconf 81' lang='grc' dir='ltr'><strong><em>τύχαις</em></strong></span> 
     </span>
     <span class='ocr_line' id='line_1_39' title="bbox 109 2838 1632 2886; baseline 0 -11"><span class='ocrx_word' id='word_1_289' title='bbox 109 2844 174 2875; x_wconf 79' lang='grc'><strong><em>728</em></strong></span> <span class='ocrx_word' id='word_1_290' title='bbox 200 2841 271 2886; x_wconf 81' lang='grc' dir='ltr'><strong><em>κεί]</em></strong></span> <span class='ocrx_word' id='word_1_291' title='bbox 292 2839 500 2885; x_wconf 82' lang='lat' dir='ltr'>Musgrave,</span> <span class='ocrx_word' id='word_1_292' title='bbox 526 2840 589 2874; x_wconf 83' lang='grc' dir='ltr'><strong><em>καὶ</em></strong></span> <span class='ocrx_word' id='word_1_293' title='bbox 609 2840 699 2883; x_wconf 77' lang='lat' dir='ltr'><strong><em>LG,</em></strong></span> <span class='ocrx_word' id='word_1_294' title='bbox 726 2840 758 2874; x_wconf 85' lang='grc' dir='ltr'><strong><em>εἰ</em></strong></span> <span class='ocrx_word' id='word_1_295' title='bbox 784 2840 886 2875; x_wconf 78' lang='lat' dir='ltr'>Stob.</span> <span class='ocrx_word' id='word_1_296' title='bbox 908 2839 941 2874; x_wconf 91' lang='lat' dir='ltr'><strong><em>fl.</em></strong></span> <span class='ocrx_word' id='word_1_297' title='bbox 963 2844 1019 2882; x_wconf 73' lang='lat'><strong><em>62,</em></strong></span> <span class='ocrx_word' id='word_1_298' title='bbox 1041 2845 1060 2873; x_wconf 75' lang='lat'><strong>2</strong></span> <span class='ocrx_word' id='word_1_299' title='bbox 1159 2843 1222 2873; x_wconf 83' lang='grc'><strong><em>731</em></strong></span> <span class='ocrx_word' id='word_1_300' title='bbox 1251 2840 1355 2874; x_wconf 82' lang='grc' dir='ltr'><strong><em>δυεῖν</em></strong></span> <span class='ocrx_word' id='word_1_301' title='bbox 1376 2838 1465 2883; x_wconf 81' lang='lat' dir='ltr'><strong><em>LG,</em></strong></span> <span class='ocrx_word' id='word_1_302' title='bbox 1492 2840 1599 2875; x_wconf 83' lang='grc' dir='ltr'><strong><em>δυοῖν</em></strong></span> <span class='ocrx_word' id='word_1_303' title='bbox 1620 2841 1632 2874; x_wconf 81' lang='grc' dir='ltr'><em>Ζ</em></span> 
     </span>
     <span class='ocr_line' id='line_1_40' title="bbox 201 2891 1119 2938; baseline -0.001 -10"><span class='ocrx_word' id='word_1_304' title='bbox 201 2897 267 2927; x_wconf 80' lang='grc'><strong>732</strong></span> <span class='ocrx_word' id='word_1_305' title='bbox 295 2891 334 2928; x_wconf 79' lang='grc' dir='ltr'><strong><em>ἓν</em></strong></span> <span class='ocrx_word' id='word_1_306' title='bbox 359 2892 449 2937; x_wconf 85' lang='lat' dir='ltr'><strong><em>LG,</em></strong></span> <span class='ocrx_word' id='word_1_307' title='bbox 475 2891 528 2928; x_wconf 74' lang='grc' dir='ltr'><strong><em>ἕν’</em></strong></span> <span class='ocrx_word' id='word_1_308' title='bbox 559 2893 571 2927; x_wconf 81' lang='lat' dir='ltr'>Z</span> <span class='ocrx_word' id='word_1_309' title='bbox 686 2897 753 2928; x_wconf 77' lang='lat'><strong><em>734</em></strong></span> <span class='ocrx_word' id='word_1_310' title='bbox 781 2891 841 2938; x_wconf 76' lang='grc' dir='ltr'><strong><em>ἄγ’</em></strong></span> <span class='ocrx_word' id='word_1_311' title='bbox 872 2892 962 2937; x_wconf 85' lang='lat' dir='ltr'><strong><em>LG,</em></strong></span> <span class='ocrx_word' id='word_1_312' title='bbox 990 2891 1067 2927; x_wconf 79' lang='grc' dir='ltr'><strong><em>ἀλλ’</em></strong></span> <span class='ocrx_word' id='word_1_313' title='bbox 1097 2904 1119 2938; x_wconf 71' lang='grc' dir='ltr'><strong><em>ς]</em></strong></span> 
     </span>
    </p>
   </div>
  </div>
 </body>
</html>
