1929 3208
783 176 968 210 ΜΗΔΕΙΑ
1577 172 1604 212 4
1611 173 1630 212 1

286 286 426 339 γήμας
455 285 678 339 τύραννον
709 283 782 326 καὶ
812 285 1103 338 κασιγνήτους
1133 282 1303 332 τέκνοις

290 356 409 410 ἐμοῖς
439 356 668 411 φυτεύων;
703 355 783 398 οὐκ
815 355 1212 410 ἀπαλλαχθήσομαι

290 431 460 482 θυμοῦ,
492 429 538 468 τί
565 427 737 482 πάσχω;
768 430 889 468 θεῶν
921 427 1192 479 ποριζόντων
1223 428 1384 474 καλῶς;

290 497 370 539 οὐκ
402 496 485 540 εἰσὶ
517 496 597 552 μέν
629 513 702 552 μοι
735 497 908 549 παῖδες,
942 493 1041 537 οἶδα
1074 493 1122 537 δὲ
1154 497 1297 550 χθόνα
1568 504 1636 534 880

293 569 539 622 φεύγοντας
569 568 680 623 ἡμᾶς
709 566 782 610 καὶ
814 569 1100 618 σπανίζοντας
1131 568 1295 621 φίλων;

291 635 410 680 ταῦτ’
447 637 697 693 ἐννοηθεῖσ’
733 637 941 694 ᾐσθόμην
973 637 1187 691 ἀβουλίαν

290 711 459 764 πολλὴν
491 711 651 764 ἔχουσα
682 708 753 751 καὶ
786 709 927 763 μάτην
957 707 1232 763 θυμουμένη.

289 786 374 822 νῦν
405 777 488 822 οὖν
519 780 681 822 ἐπαινῶ
715 787 966 834 σωφρονεῖν
997 778 1047 821 τέ
1075 795 1150 833 μοι
1182 780 1325 828 δοκεῖς

289 850 422 904 κῆδος
452 848 543 892 τόδ’
581 850 686 905 ἡμῖν
718 850 996 905 προσλαβών,
1029 849 1113 904 ἐγὼ
1146 848 1184 892 δ’
1223 851 1393 905 ἄφρων,
1570 860 1637 889 885

291 915 319 978 ᾗ
351 927 461 976 χρῆν
493 928 686 976 μετεῖναι
718 922 858 963 τῶνδε
889 928 978 962 τῶν
1010 921 1323 976 βουλευμάτων

291 990 362 1034 καὶ
394 991 705 1047 ξυμπεραίνειν
736 990 807 1034 καὶ
839 992 1101 1047 παριστάναι
1133 991 1236 1047 λε’χη

290 1064 471 1118 νύμφην
502 1078 548 1105 τε
579 1063 856 1117 κηδεύουσαν
887 1064 1076 1117 ἥδεσθαι
1110 1063 1255 1105 σέθεν.

291 1132 384 1176 ἀλλ’
422 1131 552 1189 ἐσμὲν
583 1130 680 1176 οἷόν
711 1133 855 1189 ἐσμεν,
888 1134 969 1176 οὐκ
1001 1133 1085 1188 ε’ρῶ
1117 1135 1268 1187 κακόν,

292 1212 514 1260 γυναῖκες·
547 1205 712 1247 οὔκουν
743 1205 825 1260 χρὴ
858 1203 898 1247 6²
936 1204 1203 1259 ὁμοιοῦσθαι
1235 1213 1386 1256 κακοῖς
1571 1216 1638 1246 890

292 1273 389 1318 οὐδ’
426 1276 685 1319 ἀντιτείνειν
716 1272 837 1331 νήπι’
873 1274 970 1318 ἀντὶ
1002 1278 1184 1331 νηπίων.

292 1346 585 1402 παριέμεσθα,
617 1349 694 1389 καί
721 1363 865 1402 φαμεν
897 1355 1039 1397 κακῶς
1069 1355 1254 1402 φρονεῖν

292 1416 399 1469 τότ’,
431 1416 524 1460 ἀλλ’
562 1419 743 1473 ἄμεινον
774 1423 860 1460 νῦν
891 1418 1184 1473 βεβούλευμαι
1215 1420 1332 1461 τόδε·

294 1486 327 1531 ὦ
359 1488 490 1532 τέκνα
520 1488 669 1542 τέκνα,
704 1489 849 1543 δεῦτε,
881 1490 1048 1531 λείπετε
1081 1489 1255 1543 στέγας,

294 1557 501 1613 ἐξέλθετ’,
535 1559 794 1601 ἀσπάσασθε
825 1558 897 1601 καὶ
928 1561 1191 1612 προσείπατε
1571 1571 1638 1618 895

294 1629 457 1683 πατέρα
489 1629 590 1685 μεθ’
627 1630 766 1686 ἡμῶν,
799 1629 871 1672 καὶ
904 1630 1200 1685 διαλλάχθηθ’
1239 1632 1326 1687 ἅμα

294 1709 369 1756 τῆς
399 1703 598 1755 πρόσθεν
630 1703 793 1756 ἔχθρας
825 1701 868 1751 ἐς
900 1703 1059 1756 φίλους
1090 1703 1251 1757 μητρὸς
1283 1701 1406 1757 μέτα·

294 1771 483 1814 σπονδαὶ
514 1773 597 1827 γὰρ
628 1772 735 1827 ἡμῖν
765 1771 836 1814 καὶ
867 1771 1136 1827 μεθέστηκεν
1168 1775 1309 1828 χόλος.

295 1844 486 1898 λάβεσθε
516 1844 661 1899 χειρὸς
693 1842 852 1894 δεξιᾶς·
886 1847 1021 1898 οἴμοι,
1053 1852 1200 1886 κακῶν

295 1915 353 1964 ὡς
385 1914 623 1969 ἐννοοῦμαι
655 1915 709 1970 δή
740 1930 782 1956 τι
813 1922 901 1957 τῶν
932 1915 1254 1971 κεκρυμμένων.
1572 1928 1640 1958 900

297 1982 382 2041 ἆρ’,
416 1982 449 2027 ὦ
482 1983 615 2040 τέκν’,
647 1985 762 2028 οὕτω
794 1984 866 2028 καὶ
897 1987 1040 2028 πολὺν
1073 1988 1228 2037 ζῶντες
1259 1989 1422 2042 χρόνον

296 2058 431 2111 φίλην
463 2053 622 2111 ὀρέξετ’
659 2056 850 2111 ὠλένην;
883 2055 1052 2099 τάλαιν’
1091 2057 1190 2111 ἐγώ,

296 2127 355 2177 ὡς
386 2127 650 2182 ἀρτίδακρύς
682 2129 767 2182 εἰμι
800 2127 874 2170 καὶ
905 2130 1050 2183 φόβου
1081 2127 1202 2171 πλέα.

296 2201 440 2255 χρόνῳ
475 2196 522 2240 δὲ
555 2206 699 2249 νεῖκος
728 2199 891 2254 πατρὸς
922 2199 1208 2254 ἐξαιρουμένη

214 2337 282 2368 882
310 2332 519 2378 ἑννοηθεῖσ’
544 2333 573 2368 S
595 2334 632 2367 et
657 2332 790 2368 Christ.
815 2335 892 2379 pat.
914 2334 999 2380 806]
1037 2332 1228 2377 ἐννοήσασ’
1252 2346 1272 2369 r
1416 2336 1484 2367 884
1510 2330 1577 2367 οὖν
1603 2330 1640 2367 σ”

120 2388 257 2422 Barnes
292 2389 296 2431 Ι
330 2385 368 2421 τέ
393 2400 455 2431 μοι
480 2386 665 2433 Lascaris]
703 2386 737 2421 τ’
767 2387 845 2432 ἐμοὶ
865 2387 953 2422 libri
1080 2391 1148 2422 886
1175 2386 1254 2431 ἥΒ
1291 2385 1338 2430 ἣν
1358 2386 1412 2420 Β1
1449 2400 1503 2431 γρ.
1531 2381 1552 2429 ἦ
1575 2387 1610 2418 bs
1635 2386 1639 2432 Ι

121 2445 212 2485 χρῆν
231 2442 259 2485 (“
281 2451 325 2475 ex
343 2439 351 2450 '
374 2451 464 2474 corr.
485 2452 531 2473 m.
555 2440 587 2484 1)
608 2440 644 2473 Β
723 2443 790 2474 887
819 2442 1030 2485 suspectum
1049 2440 1164 2475 habeb
1182 2439 1314 2474 Nauck
1337 2442 1341 2484 Ι
1365 2437 1640 2485 ξυμπεραίνειν]

121 2494 318 2539 ξυγγαμεῖν
343 2504 400 2527 σοι
420 2493 455 2527 L
477 2494 481 2538 Ι
503 2491 727 2536 παριστάναι
752 2492 835 2538 λέχη
857 2494 1044 2540 Harbung]
1070 2492 1298 2537 παρεστάναι
1324 2491 1416 2537 λέχει
1443 2491 1528 2525 libri
1550 2504 1641 2535 παρ-

121 2546 271 2581 εστάναι
296 2548 396 2591 λεχοῖ
412 2545 572 2590 Lenting
669 2550 737 2580 890
763 2546 830 2591 χρὴ
851 2547 918 2594 L1]
946 2552 1012 2592 χρῆ
1034 2547 1061 2582 S
1084 2546 1194 2592 ἐχρῆν
1215 2547 1250 2580 Β
1277 2551 1368 2591 χρῆν
1388 2546 1455 2579 Ea
1478 2546 1482 2588 Ι
1505 2544 1537 2579 σ’
1566 2545 1642 2586 ἑξο-

122 2601 322 2643 μοιοῦσθαι
348 2599 383 2633 Β
417 2600 422 2644 Ι
457 2597 488 2633 σ’
529 2599 752 2643 ὁμοιοῦσθαι
784 2600 898 2644 φύσιν
925 2599 1190 2634 Stadtmueller
1215 2597 1477 2643 ’ξομοιοῦσθαι
1503 2604 1641 2641 κακοῖς,

123 2651 245 2686 delet-o
272 2650 320 2695 6'‚
346 2651 491 2685 Verrall
600 2656 665 2686 891
695 2651 894 2688 ἀντιτίνειν
914 2653 948 2687 L
1033 2656 1101 2687 893
1129 2652 1282 2696 ἄμεινον
1309 2651 1642 2697 μεταβεβούλευμαι

122 2704 251 2739 Vitelli
275 2705 278 2749 Ι
300 2702 400 2749 τόδε]
426 2703 515 2739 τάδε
536 2705 604 2740 She
696 2709 764 2739 894
791 2707 911 2752 δεῦτε]
938 2707 1045 2749 δεῦρο
1071 2705 1234 2748 Elmslcy
1321 2708 1388 2738 895
1415 2702 1639 2747 προσέλθατ’

122 2757 253 2792 Christ.
275 2759 350 2802 pat.
372 2760 440 2791 468
466 2757 489 2791 i.
506 2767 535 2792 e.
562 2757 776 2801 προσέλθετ’
861 2764 938 2793 899.
967 2762 1034 2792 900
1061 2757 1118 2792 bis
1145 2757 1272 2801 scripti
1299 2757 1349 2802 (in
1376 2756 1450 2791 imo
1470 2756 1642 2791 fol.143¹¹

122 2812 160 2845 et
185 2822 326 2845 summo
352 2810 375 2844 f.
400 2812 504 2855 144³)
530 2810 642 2845 semel
669 2811 781 2846 deleti
807 2812 845 2857 (f.
870 2810 976 2855 l43b)
1001 2811 1040 2845 in
1060 2811 1095 2845 B
1233 2813 1300 2844 899
1327 2809 1481 2851 λάζεσθε
1508 2809 1641 2843 Christ.

122 2865 198 2908 pat.
218 2868 298 2907 469,
325 2863 422 2896 unde
448 2862 606 2904 λάζυσθε
627 2863 789 2908 Elmsley
863 2869 929 2898 902
957 2862 1100 2908 ὠρέξετ’
1126 2864 1161 2897 Β
1188 2874 1277 2897 corr.
1300 2863 1319 2897 b
1393 2867 1460 2896 904
1486 2861 1640 2908 πατρός]

123 2916 163 2950 τὸ
190 2916 308 2960 πάρος
334 2915 476 2950 Mekler
