1929 3208
289 169 346 211 20
940 167 1000 199 m*
1007 168 1046 200 1¹1
1055 168 1084 199 11
1092 167 1205 199 ῙΔΟΎ

501 273 592 316 ἀλλ’
627 275 820 329 ἀσθενὴς
853 276 933 328 γὰρ
968 274 1329 328 κὰποκερδαίνων
1364 281 1522 328 ποτοῦ,

499 347 645 398 ὥσπερ
678 347 787 399 πρὸς
822 346 895 402 ἰξῷ
928 350 980 403 τῇ
1013 346 1157 387 κύλικι
1192 344 1457 399 λελημμένος

498 416 715 470 πτέρυγας
748 416 888 458 ἀλύει·
923 418 977 457 σὺ
1012 416 1076 458 δέ·
1110 418 1287 465 νεανίας
1319 417 1402 470 γὰρ
1435 412 1490 458 εἷ·

499 488 668 541 σώθητι
700 485 791 540 μετ’
822 486 928 540 ἐμοῦ
962 487 1033 529 καὶ
1065 489 1142 529 τὸν
1176 487 1360 542 ἀρχαῖον
1392 489 1527 541 φίλον
1783 500 1852 532 485

499 560 727 601 ,Ιιόνυσον
761 558 967 612 ἀνάλαβ“,
1001 559 1053 600 οὐ
1088 559 1300 600 Κύκλωπι
1332 565 1573 614 προσφερῆ.

344 634 434 673 XO.
497 628 529 672 ὦ
564 629 753 685 φίλτατ’,
787 630 824 671 εἰ
857 631 940 683 γὰρ
974 627 1094 684 τήνδ’
1127 629 1297 683 ἴδοιμεν
1327 629 1509 685 ἡμέραν,

500 702 743 750 Κύκλωπος
775 700 1044 755 ἐκφυγόντες
1076 700 1259 742 ἀνόσιον
1290 701 1411 755 κάρα.

498 773 556 822 ὡς
588 773 660 814 διὰ
692 779 862 826 μακροῦ
895 787 943 826 γε
975 772 1053 813 τὸν
1087 774 1261 827 σίφωνα
1292 773 1371 814 τὸν
1403 774 1538 827 φίλον

498 844 741 898 χηρεύομεν
774 843 892 885 τόνδ’
925 843 1005 885 οὐκ
1038 841 1193 898 ἔχομεν
1224 850 1506 899 καταφαγεῖν.
1782 855 1852 886 440

344 918 433 957 ΟΛ.
498 916 629 956 ἄκουε
663 916 716 969 δή
749 931 834 957 νυν
866 915 922 969 ἣν
955 913 1036 969 ἔχω
1070 915 1283 969 τιμωρίαν

495 987 636 1040 θηρὸς
669 987 926 1041 πανούργου
961 992 1038 1040 σῆς
1071 1001 1116 1028 τε
1149 986 1352 1036 δουλείας
1384 988 1544 1040 φυγήν.

343 1060 433 1099 ΧΟ.
498 1056 605 1111 λέγ’,
638 1058 695 1107 ὡς
725 1057 922 1107 Ἀσιάδος
955 1057 1035 1099 οὐκ
1068 1056 1122 1098 ἂν
1154 1057 1282 1111 ἥδιον
1313 1058 1464 1111 ψόφον

495 1128 683 1183 κιθάρας
714 1129 923 1182 κλύοιμεν
954 1128 979 1182 ἢ
1014 1128 1222 1170 Κύκλωπ’
1253 1128 1459 1170 ὀλωλότα.

347 1202 437 1241 ΟΔ.
501 1199 572 1242 ἐπὶ
604 1207 751 1253 κῶμον
784 1199 934 1253 ἕρπειν
965 1200 1075 1253 πρὸς
1106 1201 1398 1253 κασιγνήτους
1428 1198 1552 1241 θέλει
1781 1209 1851 1241 445

498 1271 746 1320 Κύκλωπας
778 1271 932 1324 ἡσθεὶς
964 1271 1075 1325 τῷδε
1108 1271 1301 1324 Βακχίου
1334 1273 1464 1326 ποτῷ.

341 1345 431 1384 ΧΟ.
495 1341 666 1396 ξυνῆκ’,
699 1340 862 1396 ἔρημον
895 1341 1125 1394 ξυλλαβὼν
1157 1341 1368 1395 δρυμοῑσί
1397 1356 1470 1382 νιν

495 1414 657 1468 σφάξαι
687 1417 893 1470 μενοινᾷς
924 1412 949 1467 ἢ
984 1419 1155 1467 πετρῶν
1188 1409 1297 1454 ὦσαι
1328 1412 1446 1454 κάτα.

342 1487 434 1526 ΟΔ.
497 1484 630 1526 οὐδὲν
662 1490 881 1526 τοιοῦτον·
915 1485 1062 1533 δόλιος
1094 1484 1119 1538 ἡ
1148 1481 1368 1536 ’πιθυμίά

339 1559 428 1598 ΧΟ.
492 1563 582 1605 πῶς
615 1556 706 1606 δαί;
739 1557 882 1609 σοφόν
914 1556 984 1596 τοί
1014 1556 1054 1596 σ’
1091 1554 1180 1596 ὅντ’
1211 1553 1430 1607 ἀκούομεν
1461 1553 1604 1595 πάλαι.
1780 1564 1848 1596 450

342 1630 432 1669 ΟΔ.
494 1627 643 1680 κώμου
676 1626 756 1679 μὲν
789 1626 925 1668 αὐτὸν
956 1624 1078 1668 τοῦδ’
1112 1624 1373 1679 ἀπαλλάξαι,
1407 1624 1547 1680 λέγων

494 1698 551 1748 ὡς
584 1698 636 1739 οὐ
670 1698 886 1748 Κύκλωψι
912 1705 1040 1751 πῶμα
1072 1698 1152 1752 χρὴ
1187 1698 1345 1739 δοῦναι
1376 1697 1496 1750 τόδε,

492 1770 632 1822 μόνον
664 1769 703 1810 δ’
734 1767 890 1824 ἔχοντα
922 1770 1075 1822 βίοτον
1106 1768 1244 1823 ἡδέως
1277 1769 1411 1822 ἄγειν.

494 1841 600 1882 ὅταν
632 1841 674 1881 δ’
703 1840 914 1899 ὑπνώσσῃ
947 1841 1140 1894 Βακχίου
1173 1839 1432 1892 νικώμενος,

494 1911 694 1966 ἀκρεμὼν
726 1911 873 1961 ἐλαίας
899 1909 1018 1953 ἔστιν
1053 1910 1101 1953 ἐν
1134 1911 1311 1964 δόμοισί
1339 1925 1423 1964 τις,
1778 1919 1846 1950 455

494 1983 547 2024 ὃν
580 1982 793 2039 φασγάνῳ
825 1982 928 2039 τῷδ’
960 1981 1228 2033 ἐξαποξύνας
1260 1982 1397 2035 ἄκρον

493 2053 536 2104 ἐς
567 2060 656 2109 πῦρ
689 2056 888 2108 καθήσω·
921 2048 1045 2110 κᾷθ’,
1078 2053 1184 2096 ὅταν
1215 2051 1487 2105 κεκαυμένον

492 2125 572 2166 ἰ’δω
605 2141 698 2178 νιν,
731 2125 838 2179 ἄρας
869 2125 1041 2180 θερμὸν
1072 2123 1116 2174 ἐς
1147 2123 1285 2178 μέσην
1316 2125 1436 2177 βαλῶ

492 2196 739 2245 Κύκλωπος
770 2196 876 2247 ὄψιν
908 2196 1024 2249 ὄμμα
1055 2195 1091 2236 τ’
1122 2193 1281 2249 ἑκτήξω
1314 2195 1434 2247 πυρί.

493 2269 746 2322 ναυπηγίαν
779 2267 820 2308 δ’
851 2267 957 2308 ὡσεί
986 2281 1050 2315 τις
1084 2265 1283 2319 ἁρμόζων
1316 2265 1428 2320 ἀνὴρ
1776 2275 1845 2307 460

337 2388 406 2418 433
432 2382 665 2430 λελημμένος]
693 2384 776 2418 fort.
804 2384 1030 2427 κολλώμενος
1103 2386 1170 2416 436
1198 2380 1360 2427 ἀνάλαβ’
1387 2382 1429 2416 οὐ
1456 2392 1546 2416 corr.
1575 2392 1702 2426 apogr.
1716 2380 1844 2425 Paris.‚

277 2438 467 2484 ἀναλαβοῦ
494 2438 572 2472 LP
666 2440 734 2471 439
762 2436 845 2471 fort.
878 2442 951 2470 τῶν
990 2434 1108 2479 φίλων
1205 2439 1273 2470 440
1301 2436 1368 2470 οὐκ
1406 2437 1464 2480 (ου
1503 2446 1548 2470 ex
1581 2447 1597 2469 ε
1633 2436 1739 2479 corr.)
1774 2436 1809 2470 L
1837 2436 1841 2482 Ι

276 2496 508 2536 καταφυγεῖν
535 2501 662 2535 apogr.
684 2490 800 2525 Paris.
825 2492 828 2534 1
853 2490 920 2524 οὐκ
941 2489 1074 2534 ἔχοντα
1093 2489 1314 2533 καταφυγήν
1334 2488 1524 2523 Hermann
1597 2491 1663 2522 441
1692 2485 1738 2533 δή
1758 2489 1843 2535 νυν]

275 2545 471 2587 Matthiae,
499 2544 544 2589 δὴ
571 2549 639 2579 νῦν
667 2544 744 2578 LP
838 2546 904 2577 442
933 2542 1125 2586 πανούγου
1151 2543 1193 2583 P,
1222 2543 1305 2577 fort.
1332 2542 1544 2587 κακούργου
1641 2545 1709 2577 443
1735 2541 1844 2587 ἥδιον

276 2599 353 2642 Lp,
379 2597 464 2643 ἥδιο
490 2599 527 2633 Ρ
620 2599 688 2631 445
715 2596 799 2631 forfi.
827 2594 1011 2640 ἐπίκωμος
1037 2595 1115 2639 (cfr.
1143 2598 1225 2638 508)
1249 2595 1254 2642 Ι
1300 2594 1403 2638 ἕρπει
1430 2596 1466 2630 Ρ
1559 2599 1627 2630 447
1655 2596 1842 2642 δρυμοῖσι]

276 2650 473 2695 Tyrwhitt‚
501 2650 679 2697 ῥὐθμοῖσι
704 2650 784 2684 LP
877 2652 946 2683 448
972 2648 1083 2695 κάτα]
1111 2660 1202 2684 corr.
1231 2660 1358 2693 apogr.
1386 2648 1515 2691 Paris„
1547 2648 1645 2683 κάτω
1673 2649 1751 2684 LP

275 2707 344 2738 449
371 2704 393 2749 ἡ
418 2702 614 2748 προθυμία
639 2703 836 2748 Musgrave
910 2706 978 2736 450
1005 2703 1096 2747 πῶς]
1119 2702 1202 2736 forb.
1224 2701 1259 2736 τί
1282 2704 1286 2742 Ι
1310 2700 1388 2748 δαί]
1411 2701 1457 2746 δή
1477 2701 1609 2736 Nauck
1682 2706 1749 2737 451
1777 2713 1843 2737 no-

274 2758 353 2791 tam
378 2768 559 2802 personae
586 2768 655 2791 om.
683 2758 727 2798 P,
755 2756 838 2790 add.
861 2768 889 2800 p
963 2759 1030 2789 453
1058 2753 1183 2800 βίοτον
1210 2753 1258 2799 (ίο
1285 2765 1329 2789 ex
1355 2753 1413 2789 ιὀν
1440 2757 1545 2799 corr.)
1572 2756 1606 2790 L
1685 2759 1754 2790 454
1773 2757 1843 2791 ὑπ-

274 2811 410 2858 νώσσῃ]
450 2810 657 2853 Hermann,
689 2810 840 2855 ὑπνώσῃ
866 2809 944 2844 LP
1039 2812 1107 2842 455
1134 2806 1304 2853 ἀκρέμων
1343 2809 1421 2842 LP
1446 2810 1451 2852 Ι
1480 2805 1607 2852 δόμοις
1645 2806 1681 2843 σι’
1715 2810 1751 2844 P

273 2867 341 2897 456
381 2864 570 2906 ἀποξύνας
607 2865 658 2904 L,
701 2859 931 2904 ἐξαποξύνας
969 2863 1036 2901 ἶΡ,
1081 2862 1169 2896 inde
1208 2860 1387 2907 φασγάνῳ
1421 2861 1485 2905 ’γὼ
1525 2862 1618 2908 τῷδ’
1653 2859 1842 2904 ἀποξύνας

275 2916 423 2960 Murray
521 2920 588 2951 458
610 2929 662 2961 sq.
690 2916 788 2961 βαλῶ
810 2943 816 2951 .
841 2944 846 2949 .
870 2943 876 2949 .
899 2914 996 2960 ὄμμα
1022 2915 1073 2961 τ’]
1101 2915 1264 2957 Pierson,
1292 2915 1414 2960 βαλὼν
1436 2942 1442 2948 .
1468 2943 1474 2949 .
1499 2943 1505 2948 .
1527 2913 1663 2959 ὄμματ’
1689 2915 1767 2950 LP
