1929 3208
1609 162 1635 202 5

111 272 310 328 Κρέοντα
349 271 420 315 καὶ
453 274 557 322 τοὺς
590 273 730 322 ἰδίους
761 272 907 323 υἱούς,
948 271 1170 326 ἐχωρίσθη
1204 268 1251 312 δὲ
1279 269 1476 320 Ἰάσονος
1508 272 1639 324 Αἰγεῖ

111 345 449 398 συνοικήσουσα.
511 342 603 396 παρ’
643 341 860 401 οὐδετέρῳ
892 350 1029 385 κεῖται
1062 342 1087 396 ἡ
1120 344 1379 397 μυθοποιία.

225 414 251 469 ἡ
284 416 371 469 μὴν
405 415 544 469 σκηνὴ
575 420 654 456 τοῦ
687 414 905 469 δράματος
937 414 1161 456 ὑπόκειται
1194 413 1241 455 ἐν
1269 415 1496 470 Κορίνθῳ,
1530 412 1552 454 ὁ
1586 411 1633 455 δὲ

105 486 234 542 χορὸς
284 485 550 540 συνέστηκεν
600 486 647 528 ἐκ
697 493 921 539 γυναικῶν
965 486 1216 526 πολιτίδων.
1290 486 1537 538 προλογίζει
1584 482 1630 526 δὲ

105 557 271 612 τροφὸς
302 558 513 611 Μηδείας.
578 556 792 611 ἐδιδάχθη
833 555 901 598 ἐπὶ
936 556 1221 611 Πυθοδώρου
1255 556 1468 610 ἄρχοντος
1500 555 1629 610 ὀλυμ-

103 628 260 678 πιάδος
297 626 365 677 πζ’
403 629 488 670 ἔτει
521 626 576 669 α’.
637 635 807 681 πρῶτος
845 628 1100 681 Εὐφορίων,
1141 627 1344 681 δεύτερος
1384 630 1633 682 Σοφοκλῆς,

104 700 250 753 τρίτος
270 699 516 753 Εὐριπίδης
535 699 728 754 Μηδείᾳ,
759 700 1020 754 Φιλοκτήτῃ,
1049 700 1223 752 Δίκτυι,
1253 701 1482 752 Θερισταϊς
1503 699 1630 739 σατύ-

105 785 210 824 ροις.
273 769 327 812 οὐ
359 769 548 826 σῷζεται.
1076 786 1080 790 ·

197 897 260 932 lin.
288 901 331 931 37
365 895 401 932 δ’
439 896 588 938 ἰάσονος
613 897 699 932 EF
781 900 825 931 38
859 896 1128 940 συνοικήσουσα
1163 896 1348 944 Lascaris]
1381 896 1630 940 συνοικήσασα

103 950 191 985 libri
219 951 223 986 Ι
253 949 449 994 οὐδετέρου
470 950 509 985 F
591 954 634 985 39
669 950 781 985 verba
807 949 828 995 ἡ
855 949 922 992 μὲν
941 971 985 975 ——
1007 949 1162 995 μηδείας
1188 950 1259 985 hoc
1284 950 1365 985 loeo
1391 950 1532 984 habent]
1560 952 1630 989 «P,

101 1005 187 1048 post
211 1003 375 1038 indicem
400 1013 640 1049 personarum
666 1003 841 1049 leguntur
866 1003 905 1037 in
931 1004 970 1048 d,
1007 1015 1076 1039 om.
1100 1004 1139 1038 F
1163 1005 1166 1050 Ι
1190 1004 1302 1038 verba
1327 1003 1349 1048 ἡ
1376 1001 1443 1048 μὲν
1464 1025 1507 1028 -
1528 1006 1629 1038 πολι-

98 1055 211 1091 τίδων
247 1058 332 1102 post
369 1056 439 1092 ἔτει
477 1058 566 1101 (42),
605 1057 719 1092 verba,
748 1055 954 1102 προλογίζει
981 1078 1025 1082 -
1052 1055 1205 1102 μηδείας
1237 1059 1322 1102 post
1353 1056 1515 1091 indicem
1547 1068 1628 1102 per-

101 1120 275 1144 sonarum
304 1109 480 1156 leguntur
511 1110 549 1144 in
572 1110 611 1144 E
681 1114 725 1144 41
754 1110 867 1144 verba
893 1109 1077 1155 ἐδιδάχθη
1105 1131 1147 1135 -
1176 1109 1324 1157 σῴζεται
1352 1110 1487 1144 desunt
1511 1109 1550 1144 in
1576 1123 1599 1145 (ι
1622 1105 1626 1151 Ι

100 1162 176 1210 ἐπὶ]
209 1162 249 1198 δὲ
281 1163 341 1198 ἐπὶ
374 1164 398 1198 d
434 1163 506 1198 ὑπὸ
526 1164 567 1198 Ε
599 1165 602 1208 Ι
638 1164 873 1206 Πυθοδώρου
900 1163 1063 1210 Brunck]
1090 1164 1333 1207 πυθιοδώρου
1358 1163 1446 1197 libri
1481 1165 1484 1209 Ι
1520 1163 1627 1208 ὀλυμ-

98 1215 234 1257 πιάδος
253 1214 499 1264 Ρο]ὀλυμπῖδ
519 1217 559 1251 Ε
588 1216 788 1261 ὀλυμπιάδι
810 1216 877 1251 Fd
904 1217 908 1263 Ι
937 1217 1008 1252 ἔτει
1034 1217 1073 1251 α’
1101 1216 1234 1251 Nauck
1267 1217 1350 1262 (ἔτει
1376 1217 1505 1264 πρώτῳ
1532 1217 1627 1252 Mat-

97 1269 229 1316 hhiae)]
262 1271 285 1304 δ
311 1282 336 1305 ε,
357 1271 396 1305 Ε
420 1271 458 1304 ῖδ
484 1275 530 1310 εΙῖ
550 1271 574 1306 d
600 1269 669 1305 ἔτει
696 1269 750 1314 -Ι-’
773 1270 803 1305 G
826 1272 880 1305 ἔτι
915 1270 955 1304 F
977 1282 1046 1305 om,
1069 1270 1110 1305 P.
1163 1270 1295 1315 Aptius
1321 1281 1514 1305 numerum
1540 1271 1627 1305 anni

97 1325 183 1368 post
208 1322 279 1358 ἔτει
305 1322 490 1363 collocari,
531 1323 573 1358 cf.
600 1322 797 1368 Hippolyti
824 1335 966 1369 argum.
1028 1328 1072 1357 42
1099 1324 1212 1358 verba
1237 1330 1380 1368 πρῶτος
1406 1345 1450 1349 -
1476 1324 1626 1371 σῴζεται

99 1387 169 1411 om.
184 1379 216 1411 E
238 1377 242 1421 Ι
266 1373 536 1428 δεύτερος]βΕ
595 1380 639 1410 43
658 1375 790 1422 τρίτος]
808 1377 879 1422 &F
898 1380 902 1423 Ι
926 1375 1058 1424 μηδείᾳ
1073 1378 1111 1423 d]
1126 1376 1260 1422 μήδεια
1273 1390 1293 1412 ι·
1315 1378 1319 1423 Ι
1343 1377 1557 1422 φιλοκτήτηι
1573 1378 1626 1425 F]

97 1429 317 1474 φιλοκτήτης
335 1442 354 1464 r
382 1431 386 1474 Ι
417 1430 527 1465 verba
554 1427 684 1464 Δίκτυι
703 1451 748 1455 -—
769 1429 918 1477 σῴζεται
954 1442 1023 1465 0111.
1047 1430 1078 1464 C
1102 1432 1106 1476 Ι
1136 1429 1267 1465 Δίκτυι
1287 1430 1495 1477 Kirchhoff]
1528 1432 1624 1465 δικτι

97 1481 178 1528 (sic)
192 1482 260 1517 Fcl
279 1481 405 1527 δίκτης
421 1483 455 1517 Ρ
474 1484 478 1529 1
505 1484 696 1527 Θερισταῖς
717 1483 887 1528 σατύροις
902 1483 1108 1530 Kirehhofl]
1123 1485 1291 1528 θερισταὶ
1308 1484 1463 1528 σάτυρος
1477 1484 1564 1518 libri

317 1618 329 1640 Ι

1658 494 1703 524 40
