1929 3208
790 165 954 199 EKABH
1578 167 1632 209 37

288 270 314 325 ἢ
347 271 577 314 Δαιδάλου
609 270 831 327 τέχναισιν
862 273 888 327 ἢ
920 277 1042 315 θεῶν
1073 289 1213 327 τινος,

288 342 347 392 ὡς
377 339 512 384 πάνθ’
545 343 710 398 ὁμαρτῇ
744 350 835 386 σῶν
867 344 1037 400 ἔχοιντο
1070 345 1302 398 γουνάτων

287 411 480 455 κλαίοντ’
513 413 833 468 ἐπισκήπτοντα
865 417 1103 464 παντοίους
1136 417 1306 469 λόγους.
1564 429 1632 459 840

287 481 320 526 ὦ
354 483 547 538 δέσποτ’,
580 481 613 526 ὦ
645 484 851 540 μέγιστον
872 484 1084 539 ’Ἑλλησιν
1117 487 1248 541 φάος,

287 560 447 608 πιθοῦ,
480 557 699 611 παράσχες
731 564 853 611 χεῖρα
886 563 937 612 τῇ
969 558 1229 613 πρεσβύτιδι

285 628 498 682 τιμωρόν,
532 629 572 669 εί
601 626 672 669 καὶ
704 627 841 682 μηδέν
874 626 1014 681 ἐστιν,
1048 625 1140 670 ἀλλ’
1173 630 1299 683 ὅμως.

287 696 453 739 ἐσθλοῦ
484 698 567 752 γὰρ
601 697 762 751 ἀνδρὸς
792 703 843 752 τῇ
876 699 976 752 δίκῃ
1008 696 1054 739 θ’
1086 698 1320 752 ὑπηρετεῖν

288 767 359 810 καὶ
391 770 494 818 τοὺς
524 770 684 818 κακοὺς
717 769 829 822 δρᾶν
861 775 1088 823 πανταχοῦ
1118 777 1261 819 κακῶς
1294 771 1371 813 ἀεί.
1563 784 1630 815 845

132 841 221 880 XO.
285 839 435 881 δεινόν
466 855 536 893 γε,
566 843 753 892 θνητοῖς
784 839 843 889 ὡς
874 839 1044 881 ἅπαντα
1075 843 1327 895 συμπίτνει,
1571 832 1575 835 ’

282 908 354 951 καὶ
386 910 462 959 τὰς
493 910 686 964 ἀνάγκας
717 910 763 952 οἱ
790 911 920 965 νόμοι
953 911 1189 966 διώρισαν,

284 983 445 1034 φίλους
476 980 675 1031 τιθέντες
707 982 810 1031 τούς
841 998 890 1036 γε
920 984 1276 1037 πολεμιωτάτους

283 1051 472 1108 ἐχθρούς
502 1067 549 1094 τε
579 1053 683 1102 τοὺς
713 1050 819 1108 πρὶν
850 1052 1048 1108 εὐμενεῖς
1078 1055 1350 1109 ποιούμενοι.

129 1125 219 1165 ΑΓ.
281 1124 416 1177 ἔγωγε
447 1121 519 1164 καὶ
552 1123 634 1166 σὸν
664 1124 801 1165 παῖδα
831 1122 906 1166 καὶ
936 1125 1070 1179 τύχας
1102 1123 1258 1180 σέθεν,
1561 1139 1629 1170 850

274 1192 458 1249 Ἑκάβη,
493 1192 551 1236 δι’
581 1198 731 1236 οἴκτου
762 1195 885 1251 χεῖρά
917 1193 964 1237 θ’
997 1196 1164 1238 ἱκεσίαν
1196 1199 1280 1252 ἔχω

280 1264 352 1308 καὶ
383 1266 601 1320 βούλομαι
632 1270 753 1308 θεῶν
783 1264 831 1308 θ’
862 1266 993 1309 εἵνεκ’
1025 1267 1208 1311 ἀνόσιον
1241 1269 1368 1320 ξένον

279 1335 351 1378 καὶ
382 1342 462 1379 τοῦ
495 1338 672 1379 δικαίου
703 1338 835 1392 τήνδε
867 1349 937 1381 σοι
970 1339 1128 1381 δοῦναι
1161 1340 1311 1395 δίκην,

279 1412 324 1450 εἴ
347 1422 440 1458 πως
471 1409 632 1462 φανείη
664 1406 706 1462 γ’
739 1408 849 1450 ὥστε
882 1411 958 1451 σοί
984 1408 1021 1450 τ’
1053 1411 1168 1464 ἔχειν
1200 1415 1360 1463 καλῶς,

280 1484 449 1536 στρατῷ
480 1494 526 1521 τε
556 1480 614 1533 μὴ
649 1478 820 1534 δόξαιμι
854 1480 1120 1536 Κασάνδρας
1151 1483 1281 1537 χάριν
1560 1495 1628 1526 855

280 1548 453 1606 Θρῄκης
485 1551 638 1592 ἄνακτι
669 1552 799 1593 τόνδε
830 1553 1071 1605 βουλεῦσαι
1103 1555 1260 1608 φόνον.

279 1623 396 1663 ἔστιν
428 1622 511 1676 γὰρ
543 1615 570 1677 ᾖ
603 1623 824 1677 ταραγμὸς
855 1622 1109 1677 ἐμπέπτωκέ
1136 1638 1232 1679 μοι·

278 1693 356 1735 τὸν
387 1692 529 1745 ἄνδρα
561 1698 720 1735 τοῦτον
751 1694 903 1748 φίλιον
934 1693 1102 1748 ἡγεῖται
1136 1698 1338 1750 στρατός,

278 1765 356 1806 τὸν
387 1764 667 1805 κατθανόντα
700 1761 738 1805 δ’
771 1763 952 1819 ἐχθρόν·
987 1766 1027 1807 εἰ
1057 1764 1096 1807 δ’
1127 1765 1222 1821 ἐμοὶ
1255 1770 1385 1822 φίλος

279 1833 346 1876 ὅδ’
377 1833 490 1889 ἐστί,
521 1832 653 1889 χωρὶς
683 1841 814 1877 τοῦτο
846 1836 929 1878 κού
960 1838 1116 1879 κοινὸν
1148 1843 1330 1896 στρατῷ.
1557 1852 1625 1883 860

277 1906 387 1959 πρὸς
417 1911 552 1947 ταῦτα
585 1905 805 1960 φρόντιζ’·
838 1906 896 1956 ὡς
926 1906 1117 1950 θέλοντα
1149 1907 1230 1963 μέν
1262 1909 1304 1964 μ’
1338 1912 1448 1966 ε”χεις

279 1975 350 2019 σοὶ
382 1977 657 2031 ξυμπονῆσαι
689 1975 761 2018 καὶ
792 1979 930 2032 ταχὺν
962 1979 1287 2035 προσαρκέσαι,

277 2048 450 2103 βραδὺν
482 2046 543 2102 δ’,
570 2043 758 2103 Ἀχαιοῖς
789 2049 832 2090 εἰ
861 2049 1234 2106 διαβληθήσομαι.

125 2121 216 2160 ΕΚ.
279 2125 377 2173 φεῦ.

278 2190 358 2232 οὐκ
391 2192 480 2233 ἔστι
511 2194 693 2244 θνητῶν
726 2191 845 2241 ὅστις
876 2190 963 2234 ἔστ’
997 2192 1250 2248 ἐλεύθερος·

217 2322 284 2354 839
313 2320 429 2365 ἔχοιτο
461 2320 529 2355 Aa
559 2333 581 2354 ν
613 2330 691 2365 sup.
725 2333 738 2353 ι
770 2330 836 2354 scr.
870 2320 912 2355 ιι2
947 2324 949 2363 l
985 2321 1153 2367 γονάτων
1183 2323 1265 2359 EG
1386 2328 1451 2359 841
1482 2323 1624 2369 ἔλλησιν

98 2373 197 2419 aL1]
224 2371 344 2418 ἕλλησι
370 2385 389 2408 r
509 2376 577 2406 842
603 2371 791 2419 παράσχες
822 2373 866 2408 Is.
887 2373 978 2409 Voss
1011 2375 1199 2421 παράσχες*
1233 2379 1268 2422 (σ
1298 2379 1383 2422 post
1415 2390 1430 2412 ε
1465 2380 1622 2421 erasum)

101 2433 150 2479 G]
176 2430 340 2478 π*ρῆισχ*
373 2434 408 2467 Α
439 2431 602 2477 πάμσχε
629 2432 669 2466 Ε
697 2431 863 2478 πάρασχε
888 2434 1027 2469 rE¹A2
1148 2439 1215 2470 846
1243 2442 1436 2481 συμπιτνεῐ
1465 2436 1552 2471 libri

99 2489 167 2520 848
194 2485 472 2530 πολεμωτάτους
497 2486 533 2520 A
565 2498 578 2519 ι
611 2495 720 2530 super
745 2499 798 2530 μω
826 2497 891 2522 scr.
919 2487 974 2522 A2
1095 2492 1162 2523 850
1189 2488 1299 2534 ἔγωγε
1326 2490 1419 2536 LG]
1447 2489 1515 2535 ἐγὼ
1542 2489 1579 2524 σὲ
1606 2503 1624 2525 ν

146 2541 212 2573 851
241 2538 382 2574 ὶκέσιαν
402 2537 486 2574 Aa²
512 2536 655 2573 ἱκεσίαν
675 2538 730 2574 A²
757 2538 896 2574 ἱκέσιον
915 2552 939 2575 α
1013 2545 1080 2576 852
1108 2540 1233 2577 οὕνεκ’
1255 2542 1344 2577 libri
1418 2546 1485 2577 853
1512 2543 1622 2587 τήνδε

99 2594 156 2636 (ον
194 2603 272 2636 sup.
311 2592 358 2635 ήν
396 2603 461 2626 ser.
501 2603 547 2626 m.
577 2594 610 2636 1)
643 2592 677 2626 L
713 2590 821 2627 τόνδε
857 2593 890 2629 G
930 2596 935 2638 1
975 2593 1085 2640 δίκην
1116 2595 1195 2631 LG
1229 2598 1280 2640 (et
1313 2596 1367 2631 ΕΞ
1405 2596 1443 2630 in
1474 2598 1621 2643 marg.)]

98 2644 206 2689 χάριν
232 2657 251 2679 r
333 2647 402 2679 854
428 2642 590 2689 φανείην
615 2643 650 2689 γ’
676 2645 803 2680 LG-a2
888 2650 955 2682 855
983 2647 1089 2690 δόξαι
1115 2661 1158 2693 με
1184 2649 1337 2684 ΚνίὸΆῙει
1360 2651 1364 2694 Ι
1388 2648 1623 2693 κασσάνδρας

97 2698 165 2734 aG
238 2700 305 2732 857
332 2692 371 2744 ᾗ]
397 2696 419 2742 ἢ
445 2699 481 2732 Α
506 2693 527 2741 ἦ
555 2697 609 2732 A²
635 2695 670 2732 οἶ
698 2698 732 2733 G
757 2695 779 2741 ἧ
806 2710 982 2745 superscr.
1008 2713 1032 2747 q
1108 2706 1176 2736 858
1204 2701 1329 2746 φίλιον
1356 2703 1423 2737 Aa
1448 2702 1622 2746 (alterum

98 2765 111 2786 ι
136 2751 175 2786 in
202 2762 271 2786 ras.
300 2751 370 2797 a¹)]
397 2749 507 2795 φίλον
532 2762 551 2785 r
573 2751 577 2796 Ι
599 2750 773 2795 ἡγεῖσθαι
799 2754 834 2788 A
861 2752 1004 2798 ἡγεῖται
1029 2754 1084 2789 A2
1181 2758 1248 2789 859
1276 2754 1312 2789 δ’
1336 2755 1415 2798 ἐμοὶ
1442 2755 1620 2802 Elmsley]

97 2802 140 2838 δέ
177 2816 233 2839 σοι
271 2803 358 2838 libri
479 2807 548 2838 860
578 2809 686 2839 τοῦτο
719 2806 804 2851 κού]
835 2805 935 2841 τοῦτ’
966 2807 1008 2842 οὗ
1035 2809 1070 2842 A
1103 2821 1124 2842 κ
1155 2807 1254 2842 inter
1286 2805 1317 2842 τ’
1349 2810 1386 2843 et
1418 2808 1437 2843 ὀ
1464 2808 1622 2844 inseruit

98 2856 153 2892 A²
174 2858 179 2901 Ι
202 2863 342 2901 στρατῶ
368 2857 403 2892 A
430 2862 473 2892 οῦ
501 2867 610 2902 super
635 2871 662 2891 ω
688 2868 755 2892 scr.
776 2858 830 2894 A¹
897 2862 965 2893 862
992 2860 1035 2894 σὺ
1055 2861 1091 2895 A
1117 2861 1174 2895 σοὶ
1193 2860 1248 2895 A²
1313 2864 1382 2895 864
1409 2866 1479 2905 φεῦ
1501 2861 1621 2896 versui

99 2909 269 2955 sequenti
295 2910 439 2946 addunt
463 2909 550 2945 libri
660 2913 728 2946 864
755 2911 822 2947 οὐκ
848 2911 944 2948 ἔστιν
970 2912 1119 2958 ἀνδρῶν
1143 2913 1364 2950 Aristoteles
1390 2914 1482 2949 rhet.
1510 2915 1552 2959 H,
1575 2919 1617 2950 21
