<?xml version="1.0" encoding="UTF-8"?>
<!DOCTYPE html PUBLIC "-//W3C//DTD XHTML 1.0 Transitional//EN"
    "http://www.w3.org/TR/xhtml1/DTD/xhtml1-transitional.dtd">
<html xmlns="http://www.w3.org/1999/xhtml" xml:lang="en" lang="en">
 <head>
  <title>
</title>
<meta http-equiv="Content-Type" content="text/html;charset=utf-8" />
  <meta name='ocr-system' content='tesseract 3.04.00' />
  <meta name='ocr-capabilities' content='ocr_page ocr_carea ocr_par ocr_line ocrx_word'/>
</head>
<body>
  <div class='ocr_page' id='page_1' title='image "./euripidisfabula01euriuoft_0425.png"; bbox 0 0 1929 3208; ppageno 0'>
   <div class='ocr_carea' id='block_1_1' title="bbox 824 152 1669 191">
    <p class='ocr_par' dir='ltr' id='par_1_1' title="bbox 824 152 1669 191">
     <span class='ocr_line' id='line_1_1' title="bbox 824 152 1669 191; baseline 0 -5"><span class='ocrx_word' id='word_1_1' title='bbox 824 154 884 186; x_wconf 78' lang='lat' dir='ltr'><strong><em>EA</em></strong></span> <span class='ocrx_word' id='word_1_2' title='bbox 893 154 989 186; x_wconf 76' lang='lat' dir='ltr'><strong><em>ENH</em></strong></span> <span class='ocrx_word' id='word_1_3' title='bbox 1616 152 1669 191; x_wconf 80' lang='grc'><strong><em>19</em></strong></span> 
     </span>
    </p>
   </div>
   <div class='ocr_carea' id='block_1_2' title="bbox 320 258 1669 528">
    <p class='ocr_par' dir='ltr' id='par_1_2' title="bbox 320 258 1503 386">
     <span class='ocr_line' id='line_1_2' title="bbox 320 258 1503 316; baseline -0.001 -14"><span class='ocrx_word' id='word_1_4' title='bbox 320 258 606 316; x_wconf 80' lang='grc' dir='ltr'><strong><em>χρυσοκέρατ’</em></strong></span> <span class='ocrx_word' id='word_1_5' title='bbox 644 261 813 315; x_wconf 81' lang='grc' dir='ltr'><em>ἔλαφον</em></span> <span class='ocrx_word' id='word_1_6' title='bbox 846 259 1057 315; x_wconf 76' lang='grc' dir='ltr'><strong><em>Μέροπος</em></strong></span> <span class='ocrx_word' id='word_1_7' title='bbox 1093 260 1303 302; x_wconf 83' lang='grc' dir='ltr'><em>Τιτανίδα</em></span> <span class='ocrx_word' id='word_1_8' title='bbox 1334 259 1503 314; x_wconf 87' lang='grc' dir='ltr'><strong><em>κούραν</em></strong></span> 
     </span>
     <span class='ocr_line' id='line_1_3' title="bbox 320 329 1255 386; baseline 0.001 -14"><span class='ocrx_word' id='word_1_9' title='bbox 320 332 594 381; x_wconf 77' lang='grc' dir='ltr'><strong><em>καλλοσύνας</em></strong></span> <span class='ocrx_word' id='word_1_10' title='bbox 624 330 788 373; x_wconf 77' lang='grc' dir='ltr'><strong><em>ἕνεκεν·</em></strong></span> <span class='ocrx_word' id='word_1_11' title='bbox 820 332 869 373; x_wconf 92' lang='grc' dir='ltr'><strong><em>τὸ</em></strong></span> <span class='ocrx_word' id='word_1_12' title='bbox 903 329 944 372; x_wconf 82' lang='grc' dir='ltr'><strong><em>δ’</em></strong></span> <span class='ocrx_word' id='word_1_13' title='bbox 982 331 1089 386; x_wconf 85' lang='grc' dir='ltr'><strong><em>ἐμὸν</em></strong></span> <span class='ocrx_word' id='word_1_14' title='bbox 1121 330 1255 386; x_wconf 83' lang='grc' dir='ltr'><strong><em>δέμας</em></strong></span> 
     </span>
    </p>

    <p class='ocr_par' dir='ltr' id='par_1_3' title="bbox 320 401 1189 457">
     <span class='ocr_line' id='line_1_4' title="bbox 320 401 1189 457; baseline 0.001 -14"><span class='ocrx_word' id='word_1_15' title='bbox 320 402 484 444; x_wconf 79' lang='grc' dir='ltr'><em>ὤλεσεν</em></span> <span class='ocrx_word' id='word_1_16' title='bbox 517 403 650 444; x_wconf 82' lang='grc' dir='ltr'><strong><em>ὤλεσε</em></strong></span> <span class='ocrx_word' id='word_1_17' title='bbox 685 401 898 457; x_wconf 90' lang='grc' dir='ltr'><strong><em>ΙΙέργαμα</em></strong></span> <span class='ocrx_word' id='word_1_18' title='bbox 932 403 1189 457; x_wconf 79' lang='grc' dir='ltr'><strong><em>Δαρδανίας</em></strong></span> 
     </span>
    </p>

    <p class='ocr_par' dir='ltr' id='par_1_4' title="bbox 322 470 1669 528">
     <span class='ocr_line' id='line_1_5' title="bbox 322 470 1669 528; baseline 0.001 -15"><span class='ocrx_word' id='word_1_19' title='bbox 322 472 562 528; x_wconf 82' lang='grc' dir='ltr'><strong><em>ὀλομένους</em></strong></span> <span class='ocrx_word' id='word_1_20' title='bbox 592 470 628 514; x_wconf 89' lang='grc' dir='ltr'><strong><em>τ’</em></strong></span> <span class='ocrx_word' id='word_1_21' title='bbox 661 470 873 527; x_wconf 80' lang='grc' dir='ltr'><strong><em>Ἀχαιούς.</em></strong></span> <span class='ocrx_word' id='word_1_22' title='bbox 1603 486 1669 514; x_wconf 57' lang='lat'><strong><em>3⁸5</em></strong></span> 
     </span>
    </p>
   </div>
   <div class='ocr_carea' id='block_1_3' title="bbox 316 615 1670 2300">
    <p class='ocr_par' dir='ltr' id='par_1_5' title="bbox 316 615 1670 2300">
     <span class='ocr_line' id='line_1_6' title="bbox 769 615 1048 647; baseline 0 -1"><span class='ocrx_word' id='word_1_23' title='bbox 769 615 1048 647; x_wconf 62' lang='lat' dir='ltr'><strong>MENEAESLZ.</strong></span> 
     </span>
     <span class='ocr_line' id='line_1_7' title="bbox 321 682 1324 742; baseline 0 -16"><span class='ocrx_word' id='word_1_24' title='bbox 321 682 354 726; x_wconf 81' lang='grc' dir='ltr'>ὦ</span> <span class='ocrx_word' id='word_1_25' title='bbox 385 685 461 734; x_wconf 84' lang='grc' dir='ltr'><strong><em>τὰς</em></strong></span> <span class='ocrx_word' id='word_1_26' title='bbox 491 686 761 739; x_wconf 84' lang='grc' dir='ltr'><strong><em>τεθρίππους</em></strong></span> <span class='ocrx_word' id='word_1_27' title='bbox 795 686 1003 742; x_wconf 77' lang='grc' dir='ltr'><strong><em>Οἰνομάῳ</em></strong></span> <span class='ocrx_word' id='word_1_28' title='bbox 1037 689 1185 727; x_wconf 89' lang='grc' dir='ltr'><strong><em>Πῖσαν</em></strong></span> <span class='ocrx_word' id='word_1_29' title='bbox 1217 685 1324 727; x_wconf 90' lang='grc' dir='ltr'><strong><em>κάτα</em></strong></span> 
     </span>
     <span class='ocr_line' id='line_1_8' title="bbox 322 753 1177 811; baseline 0.002 -15"><span class='ocrx_word' id='word_1_30' title='bbox 322 753 475 806; x_wconf 84' lang='grc' dir='ltr'><strong><em>Πέλοψ</em></strong></span> <span class='ocrx_word' id='word_1_31' title='bbox 508 755 691 811; x_wconf 82' lang='grc' dir='ltr'><strong><em>ἁμίλλας</em></strong></span> <span class='ocrx_word' id='word_1_32' title='bbox 723 756 1027 811; x_wconf 81' lang='grc' dir='ltr'><strong><em>ἐξαμιλληθείς</em></strong></span> <span class='ocrx_word' id='word_1_33' title='bbox 1059 772 1177 809; x_wconf 89' lang='grc' dir='ltr'><strong><em>ποτε,</em></strong></span> 
     </span>
     <span class='ocr_line' id='line_1_9' title="bbox 321 825 1369 881; baseline 0.002 -13"><span class='ocrx_word' id='word_1_34' title='bbox 321 825 408 868; x_wconf 80' lang='grc' dir='ltr'><strong><em>εἴθ’</em></strong></span> <span class='ocrx_word' id='word_1_35' title='bbox 447 827 613 881; x_wconf 81' lang='grc' dir='ltr'><strong><em>ὤφελες</em></strong></span> <span class='ocrx_word' id='word_1_36' title='bbox 643 825 761 880; x_wconf 90' lang='grc' dir='ltr'><strong><em>τόθ’,</em></strong></span> <span class='ocrx_word' id='word_1_37' title='bbox 792 825 909 881; x_wconf 80' lang='grc' dir='ltr'><strong><em>ἡνίκ’</em></strong></span> <span class='ocrx_word' id='word_1_38' title='bbox 946 829 1108 881; x_wconf 79' lang='grc' dir='ltr'><strong><em>ἔρανον</em></strong></span> <span class='ocrx_word' id='word_1_39' title='bbox 1140 828 1202 877; x_wconf 77' lang='grc' dir='ltr'><strong><em>εἰς</em></strong></span> <span class='ocrx_word' id='word_1_40' title='bbox 1231 829 1369 877; x_wconf 84' lang='grc' dir='ltr'><strong><em>θεοὺς</em></strong></span> 
     </span>
     <span class='ocr_line' id='line_1_10' title="bbox 320 896 1284 952; baseline 0.002 -14"><span class='ocrx_word' id='word_1_41' title='bbox 320 896 520 947; x_wconf 87' lang='grc' dir='ltr'><strong><em>πεισθεὶς</em></strong></span> <span class='ocrx_word' id='word_1_42' title='bbox 551 897 724 951; x_wconf 85' lang='grc' dir='ltr'><strong><em>ἐποίεις,</em></strong></span> <span class='ocrx_word' id='word_1_43' title='bbox 757 897 805 939; x_wconf 88' lang='grc' dir='ltr'><strong><em>ἐν</em></strong></span> <span class='ocrx_word' id='word_1_44' title='bbox 836 902 961 948; x_wconf 80' lang='grc' dir='ltr'><strong><em>θεοῖς</em></strong></span> <span class='ocrx_word' id='word_1_45' title='bbox 993 902 1136 940; x_wconf 82' lang='grc' dir='ltr'><strong><em>λιπεῖν</em></strong></span> <span class='ocrx_word' id='word_1_46' title='bbox 1169 900 1284 952; x_wconf 89' lang='grc' dir='ltr'><strong><em>βίον,</em></strong></span> 
     </span>
     <span class='ocr_line' id='line_1_11' title="bbox 319 966 1667 1024; baseline 0 -15"><span class='ocrx_word' id='word_1_47' title='bbox 319 966 425 1022; x_wconf 85' lang='grc' dir='ltr'><strong><em>πρὶν</em></strong></span> <span class='ocrx_word' id='word_1_48' title='bbox 456 969 534 1010; x_wconf 87' lang='grc' dir='ltr'><strong><em>τὸν</em></strong></span> <span class='ocrx_word' id='word_1_49' title='bbox 565 967 672 1023; x_wconf 87' lang='grc' dir='ltr'><strong><em>ἐμὸν</em></strong></span> <span class='ocrx_word' id='word_1_50' title='bbox 700 966 850 1023; x_wconf 82' lang='grc' dir='ltr'><strong><em>Ἀτρέα</em></strong></span> <span class='ocrx_word' id='word_1_51' title='bbox 882 968 1045 1024; x_wconf 89' lang='grc' dir='ltr'><strong><em>πατέρα</em></strong></span> <span class='ocrx_word' id='word_1_52' title='bbox 1077 972 1294 1024; x_wconf 84' lang='grc' dir='ltr'><strong><em>γεννῆσαί</em></strong></span> <span class='ocrx_word' id='word_1_53' title='bbox 1320 984 1438 1023; x_wconf 91' lang='grc' dir='ltr'><strong><em>ποτε,</em></strong></span> <span class='ocrx_word' id='word_1_54' title='bbox 1599 981 1667 1010; x_wconf 79' lang='grc'><strong><em>390</em></strong></span> 
     </span>
     <span class='ocr_line' id='line_1_12' title="bbox 321 1035 1185 1094; baseline 0.001 -14"><span class='ocrx_word' id='word_1_55' title='bbox 321 1038 368 1088; x_wconf 89' lang='grc' dir='ltr'><strong><em>ὃς</em></strong></span> <span class='ocrx_word' id='word_1_56' title='bbox 400 1037 610 1093; x_wconf 81' lang='grc' dir='ltr'><strong><em>ἐξέφυσεν</em></strong></span> <span class='ocrx_word' id='word_1_57' title='bbox 637 1035 845 1093; x_wconf 85' lang='grc' dir='ltr'><strong><em>Ἀερόπης</em></strong></span> <span class='ocrx_word' id='word_1_58' title='bbox 876 1038 1069 1094; x_wconf 86' lang='grc' dir='ltr'><strong><em>λέκτρων</em></strong></span> <span class='ocrx_word' id='word_1_59' title='bbox 1100 1041 1185 1081; x_wconf 75' lang='grc' dir='ltr'><strong><em>ἄπο</em></strong></span> 
     </span>
     <span class='ocr_line' id='line_1_13' title="bbox 316 1105 1468 1165; baseline 0.001 -14"><span class='ocrx_word' id='word_1_60' title='bbox 316 1105 604 1164; x_wconf 87' lang='grc' dir='ltr'><strong><em>Ἀγαμέμνον’</em></strong></span> <span class='ocrx_word' id='word_1_61' title='bbox 640 1109 717 1164; x_wconf 86' lang='grc' dir='ltr'><strong><em>ἐμέ</em></strong></span> <span class='ocrx_word' id='word_1_62' title='bbox 744 1125 789 1152; x_wconf 89' lang='grc' dir='ltr'><strong><em>τε</em></strong></span> <span class='ocrx_word' id='word_1_63' title='bbox 821 1110 1079 1165; x_wconf 86' lang='grc' dir='ltr'><strong><em>Μενέλεων,</em></strong></span> <span class='ocrx_word' id='word_1_64' title='bbox 1109 1111 1285 1153; x_wconf 86' lang='grc' dir='ltr'><strong><em>κλεινὸν</em></strong></span> <span class='ocrx_word' id='word_1_65' title='bbox 1320 1112 1468 1164; x_wconf 82' lang='grc' dir='ltr'><strong><em>ζυγόν·</em></strong></span> 
     </span>
     <span class='ocr_line' id='line_1_14' title="bbox 320 1177 1480 1237; baseline 0 -15"><span class='ocrx_word' id='word_1_66' title='bbox 320 1184 527 1223; x_wconf 88' lang='grc' dir='ltr'><strong><em>πλεῖστον</em></strong></span> <span class='ocrx_word' id='word_1_67' title='bbox 558 1181 641 1236; x_wconf 82' lang='grc' dir='ltr'><strong><em>γὰρ</em></strong></span> <span class='ocrx_word' id='word_1_68' title='bbox 675 1177 813 1235; x_wconf 83' lang='grc' dir='ltr'><strong><em>οἶμαι·</em></strong></span> <span class='ocrx_word' id='word_1_69' title='bbox 845 1179 917 1223; x_wconf 80' lang='grc' dir='ltr'><strong><em>καὶ</em></strong></span> <span class='ocrx_word' id='word_1_70' title='bbox 949 1179 1042 1223; x_wconf 79' lang='grc' dir='ltr'><strong><em>τόδ’</em></strong></span> <span class='ocrx_word' id='word_1_71' title='bbox 1079 1181 1133 1223; x_wconf 86' lang='grc' dir='ltr'><strong><em>οὐ</em></strong></span> <span class='ocrx_word' id='word_1_72' title='bbox 1165 1182 1316 1237; x_wconf 80' lang='grc' dir='ltr'><strong><em>κόμπῳ</em></strong></span> <span class='ocrx_word' id='word_1_73' title='bbox 1350 1179 1480 1234; x_wconf 90' lang='grc' dir='ltr'><strong><em>λέγω·</em></strong></span> 
     </span>
     <span class='ocr_line' id='line_1_15' title="bbox 325 1251 1268 1307; baseline 0.001 -14"><span class='ocrx_word' id='word_1_74' title='bbox 325 1251 569 1306; x_wconf 85' lang='grc' dir='ltr'><strong><em>στράτευμα</em></strong></span> <span class='ocrx_word' id='word_1_75' title='bbox 601 1252 723 1307; x_wconf 83' lang='grc' dir='ltr'><strong><em>κώπῃ</em></strong></span> <span class='ocrx_word' id='word_1_76' title='bbox 757 1252 950 1307; x_wconf 81' lang='grc' dir='ltr'><strong><em>διορίσαι</em></strong></span> <span class='ocrx_word' id='word_1_77' title='bbox 988 1254 1151 1307; x_wconf 91' lang='grc' dir='ltr'><strong><em>Τροίαν</em></strong></span> <span class='ocrx_word' id='word_1_78' title='bbox 1185 1254 1268 1306; x_wconf 82' lang='grc' dir='ltr'><strong><em>ἔπι,</em></strong></span> 
     </span>
     <span class='ocr_line' id='line_1_16' title="bbox 320 1320 1669 1378; baseline -0.001 -14"><span class='ocrx_word' id='word_1_79' title='bbox 320 1324 539 1377; x_wconf 88' lang='grc' dir='ltr'><strong><em>τύραννος</em></strong></span> <span class='ocrx_word' id='word_1_80' title='bbox 570 1320 703 1364; x_wconf 74' lang='grc' dir='ltr'><strong><em>οὐδὲν</em></strong></span> <span class='ocrx_word' id='word_1_81' title='bbox 734 1323 844 1376; x_wconf 87' lang='grc' dir='ltr'><strong><em>πρὸς</em></strong></span> <span class='ocrx_word' id='word_1_82' title='bbox 875 1325 977 1376; x_wconf 83' lang='grc' dir='ltr'><strong><em>βίαν</em></strong></span> <span class='ocrx_word' id='word_1_83' title='bbox 1009 1326 1334 1378; x_wconf 84' lang='grc' dir='ltr'><strong><em>στρατηλατῶν,</em></strong></span> <span class='ocrx_word' id='word_1_84' title='bbox 1602 1334 1669 1363; x_wconf 84' lang='grc'><strong><em>395</em></strong></span> 
     </span>
     <span class='ocr_line' id='line_1_17' title="bbox 321 1390 1186 1449; baseline 0 -13"><span class='ocrx_word' id='word_1_85' title='bbox 321 1393 469 1436; x_wconf 79' lang='grc' dir='ltr'><strong><em>ἑκοῦσι</em></strong></span> <span class='ocrx_word' id='word_1_86' title='bbox 502 1390 541 1435; x_wconf 79' lang='grc' dir='ltr'><strong><em>δ’</em></strong></span> <span class='ocrx_word' id='word_1_87' title='bbox 577 1393 711 1449; x_wconf 77' lang='grc' dir='ltr'><strong><em>ἄρξας</em></strong></span> <span class='ocrx_word' id='word_1_88' title='bbox 736 1390 947 1444; x_wconf 80' lang='grc' dir='ltr'><strong><em>Ἑλλάδος</em></strong></span> <span class='ocrx_word' id='word_1_89' title='bbox 977 1396 1186 1444; x_wconf 86' lang='grc' dir='ltr'><strong><em>νεανίαις.</em></strong></span> 
     </span>
     <span class='ocr_line' id='line_1_18' title="bbox 322 1462 1422 1520; baseline 0 -14"><span class='ocrx_word' id='word_1_90' title='bbox 322 1463 394 1506; x_wconf 87' lang='grc' dir='ltr'><strong><em>καὶ</em></strong></span> <span class='ocrx_word' id='word_1_91' title='bbox 426 1466 530 1514; x_wconf 88' lang='grc' dir='ltr'><strong><em>τοὺς</em></strong></span> <span class='ocrx_word' id='word_1_92' title='bbox 561 1462 642 1519; x_wconf 76' lang='grc' dir='ltr'><strong><em>μὲν</em></strong></span> <span class='ocrx_word' id='word_1_93' title='bbox 674 1463 815 1506; x_wconf 87' lang='grc' dir='ltr'><strong><em>οὐκέτ’</em></strong></span> <span class='ocrx_word' id='word_1_94' title='bbox 852 1466 981 1515; x_wconf 82' lang='grc' dir='ltr'><strong><em>ὄντας</em></strong></span> <span class='ocrx_word' id='word_1_95' title='bbox 1013 1465 1259 1520; x_wconf 85' lang='grc' dir='ltr'><strong><em>ἀριθμῆσαι</em></strong></span> <span class='ocrx_word' id='word_1_96' title='bbox 1290 1465 1422 1519; x_wconf 90' lang='grc' dir='ltr'><strong><em>πάρα,</em></strong></span> 
     </span>
     <span class='ocr_line' id='line_1_19' title="bbox 321 1532 1407 1591; baseline 0.002 -15"><span class='ocrx_word' id='word_1_97' title='bbox 321 1537 425 1585; x_wconf 91' lang='grc' dir='ltr'><strong><em>τοὺς</em></strong></span> <span class='ocrx_word' id='word_1_98' title='bbox 457 1532 498 1576; x_wconf 81' lang='grc' dir='ltr'><strong><em>δ’</em></strong></span> <span class='ocrx_word' id='word_1_99' title='bbox 535 1534 582 1577; x_wconf 87' lang='grc' dir='ltr'><strong><em>ἐκ</em></strong></span> <span class='ocrx_word' id='word_1_100' title='bbox 608 1535 840 1589; x_wconf 77' lang='grc' dir='ltr'><strong><em>θαλάσσης</em></strong></span> <span class='ocrx_word' id='word_1_101' title='bbox 873 1534 1090 1590; x_wconf 82' lang='grc' dir='ltr'><strong><em>ἀσμένους</em></strong></span> <span class='ocrx_word' id='word_1_102' title='bbox 1120 1537 1407 1591; x_wconf 80' lang='grc' dir='ltr'><strong><em>πεφευγότας,</em></strong></span> 
     </span>
     <span class='ocr_line' id='line_1_20' title="bbox 320 1603 1400 1661; baseline 0 -13"><span class='ocrx_word' id='word_1_103' title='bbox 320 1613 490 1661; x_wconf 84' lang='grc' dir='ltr'><strong><em>νεκρῶν</em></strong></span> <span class='ocrx_word' id='word_1_104' title='bbox 522 1604 740 1660; x_wconf 90' lang='grc' dir='ltr'><strong><em>φέροντας</em></strong></span> <span class='ocrx_word' id='word_1_105' title='bbox 766 1603 944 1660; x_wconf 85' lang='grc' dir='ltr'><strong><em>ὀνόματ’</em></strong></span> <span class='ocrx_word' id='word_1_106' title='bbox 981 1608 1043 1656; x_wconf 86' lang='grc' dir='ltr'><strong><em>εἰς</em></strong></span> <span class='ocrx_word' id='word_1_107' title='bbox 1075 1611 1224 1657; x_wconf 77' lang='grc' dir='ltr'><strong><em>οἴκους</em></strong></span> <span class='ocrx_word' id='word_1_108' title='bbox 1255 1607 1400 1649; x_wconf 89' lang='grc' dir='ltr'><strong><em>πάλιν.</em></strong></span> 
     </span>
     <span class='ocr_line' id='line_1_21' title="bbox 322 1673 1670 1731; baseline 0 -13"><span class='ocrx_word' id='word_1_109' title='bbox 322 1676 405 1731; x_wconf 83' lang='grc' dir='ltr'><strong><em>ἐγὼ</em></strong></span> <span class='ocrx_word' id='word_1_110' title='bbox 440 1673 479 1718; x_wconf 83' lang='grc' dir='ltr'><strong><em>δ’</em></strong></span> <span class='ocrx_word' id='word_1_111' title='bbox 516 1675 584 1718; x_wconf 85' lang='grc' dir='ltr'><strong><em>ἐπ’</em></strong></span> <span class='ocrx_word' id='word_1_112' title='bbox 618 1673 750 1731; x_wconf 81' lang='grc' dir='ltr'><strong><em>οἶδμα</em></strong></span> <span class='ocrx_word' id='word_1_113' title='bbox 781 1678 963 1719; x_wconf 89' lang='grc' dir='ltr'><strong><em>πόντιον</em></strong></span> <span class='ocrx_word' id='word_1_114' title='bbox 994 1680 1186 1731; x_wconf 86' lang='grc' dir='ltr'><strong><em>γλαυκῆς</em></strong></span> <span class='ocrx_word' id='word_1_115' title='bbox 1217 1677 1321 1728; x_wconf 83' lang='grc' dir='ltr'><strong><em>ἁλὸς</em></strong></span> <span class='ocrx_word' id='word_1_116' title='bbox 1601 1689 1670 1718; x_wconf 83' lang='grc' dir='ltr'><strong><em>4οο</em></strong></span> 
     </span>
     <span class='ocr_line' id='line_1_22' title="bbox 321 1744 1281 1803; baseline 0.001 -14"><span class='ocrx_word' id='word_1_117' title='bbox 321 1750 499 1802; x_wconf 82' lang='grc' dir='ltr'><strong><em>τλήμων</em></strong></span> <span class='ocrx_word' id='word_1_118' title='bbox 531 1747 701 1802; x_wconf 85' lang='grc' dir='ltr'><strong><em>ἀλῶμαι</em></strong></span> <span class='ocrx_word' id='word_1_119' title='bbox 732 1748 895 1803; x_wconf 89' lang='grc' dir='ltr'><strong><em>χρόνον</em></strong></span> <span class='ocrx_word' id='word_1_120' title='bbox 929 1748 1118 1803; x_wconf 86' lang='grc' dir='ltr'><strong><em>ὅσονπερ</em></strong></span> <span class='ocrx_word' id='word_1_121' title='bbox 1147 1744 1281 1790; x_wconf 89' lang='grc' dir='ltr'><strong><em>Ἰλίου</em></strong></span> 
     </span>
     <span class='ocr_line' id='line_1_23' title="bbox 320 1818 1419 1876; baseline 0.001 -16"><span class='ocrx_word' id='word_1_122' title='bbox 320 1819 518 1874; x_wconf 80' lang='grc' dir='ltr'><strong><em>πύργους</em></strong></span> <span class='ocrx_word' id='word_1_123' title='bbox 549 1820 724 1873; x_wconf 84' lang='grc' dir='ltr'><strong><em>ἔπερσα,</em></strong></span> <span class='ocrx_word' id='word_1_124' title='bbox 755 1818 834 1868; x_wconf 90' lang='grc' dir='ltr'><strong><em>κάς</em></strong></span> <span class='ocrx_word' id='word_1_125' title='bbox 864 1819 1034 1876; x_wconf 78' lang='grc' dir='ltr'><strong><em>πάτραν</em></strong></span> <span class='ocrx_word' id='word_1_126' title='bbox 1065 1818 1235 1875; x_wconf 80' lang='grc' dir='ltr'><strong><em>χρῄζων</em></strong></span> <span class='ocrx_word' id='word_1_127' title='bbox 1267 1823 1419 1875; x_wconf 82' lang='grc' dir='ltr'><strong><em>μολεῖν</em></strong></span> 
     </span>
     <span class='ocr_line' id='line_1_24' title="bbox 323 1889 1286 1944; baseline -0.001 -12"><span class='ocrx_word' id='word_1_128' title='bbox 323 1889 404 1932; x_wconf 89' lang='grc' dir='ltr'><strong><em>οὐκ</em></strong></span> <span class='ocrx_word' id='word_1_129' title='bbox 435 1889 639 1944; x_wconf 81' lang='grc' dir='ltr'><strong><em>ἀξιοῦμαι</em></strong></span> <span class='ocrx_word' id='word_1_130' title='bbox 669 1890 800 1931; x_wconf 79' lang='grc' dir='ltr'><strong><em>τοῦδε</em></strong></span> <span class='ocrx_word' id='word_1_131' title='bbox 832 1890 942 1944; x_wconf 89' lang='grc' dir='ltr'><strong><em>πρὸς</em></strong></span> <span class='ocrx_word' id='word_1_132' title='bbox 972 1893 1094 1932; x_wconf 86' lang='grc' dir='ltr'><strong><em>θεῶν</em></strong></span> <span class='ocrx_word' id='word_1_133' title='bbox 1125 1897 1286 1944; x_wconf 90' lang='grc' dir='ltr'><strong><em>τυχεῖν.</em></strong></span> 
     </span>
     <span class='ocr_line' id='line_1_25' title="bbox 324 1956 1344 2016; baseline 0 -14"><span class='ocrx_word' id='word_1_134' title='bbox 324 1961 494 2015; x_wconf 89' lang='grc' dir='ltr'><strong><em>Λιβύης</em></strong></span> <span class='ocrx_word' id='word_1_135' title='bbox 524 1957 561 2002; x_wconf 90' lang='grc' dir='ltr'><strong><em>τ’</em></strong></span> <span class='ocrx_word' id='word_1_136' title='bbox 598 1960 788 2015; x_wconf 88' lang='grc' dir='ltr'><strong><em>ἐρήμους</em></strong></span> <span class='ocrx_word' id='word_1_137' title='bbox 819 1959 1001 2012; x_wconf 89' lang='grc' dir='ltr'><strong><em>ἀξένους</em></strong></span> <span class='ocrx_word' id='word_1_138' title='bbox 1032 1956 1069 2001; x_wconf 89' lang='grc' dir='ltr'><strong><em>τ’</em></strong></span> <span class='ocrx_word' id='word_1_139' title='bbox 1106 1960 1344 2016; x_wconf 77' lang='grc' dir='ltr'><strong><em>ἐπιδρομὰς</em></strong></span> 
     </span>
     <span class='ocr_line' id='line_1_26' title="bbox 322 2028 1670 2086; baseline 0.001 -14"><span class='ocrx_word' id='word_1_140' title='bbox 322 2030 540 2073; x_wconf 90' lang='grc' dir='ltr'><strong><em>πέπλευκα</em></strong></span> <span class='ocrx_word' id='word_1_141' title='bbox 572 2031 728 2080; x_wconf 87' lang='grc' dir='ltr'><strong><em>πάσας·</em></strong></span> <span class='ocrx_word' id='word_1_142' title='bbox 761 2031 905 2086; x_wconf 81' lang='grc' dir='ltr'><strong><em>χῶταν</em></strong></span> <span class='ocrx_word' id='word_1_143' title='bbox 938 2031 1069 2085; x_wconf 86' lang='grc' dir='ltr'><strong><em>ἐγγὺς</em></strong></span> <span class='ocrx_word' id='word_1_144' title='bbox 1100 2028 1133 2073; x_wconf 79' lang='grc' dir='ltr'><em>ὦ</em></span> <span class='ocrx_word' id='word_1_145' title='bbox 1166 2032 1344 2086; x_wconf 88' lang='grc' dir='ltr'><strong><em>πάτρας,</em></strong></span> <span class='ocrx_word' id='word_1_146' title='bbox 1602 2045 1670 2074; x_wconf 81' lang='lat'><strong><em>405</em></strong></span> 
     </span>
     <span class='ocr_line' id='line_1_27' title="bbox 326 2100 1367 2158; baseline 0.002 -15"><span class='ocrx_word' id='word_1_147' title='bbox 326 2102 458 2144; x_wconf 87' lang='grc' dir='ltr'><strong><em>πάλιν</em></strong></span> <span class='ocrx_word' id='word_1_148' title='bbox 489 2100 535 2157; x_wconf 89' lang='grc' dir='ltr'><strong><em>μ’</em></strong></span> <span class='ocrx_word' id='word_1_149' title='bbox 570 2101 746 2144; x_wconf 85' lang='grc' dir='ltr'><strong><em>ἀπωθεῖ</em></strong></span> <span class='ocrx_word' id='word_1_150' title='bbox 774 2108 962 2156; x_wconf 88' lang='grc' dir='ltr'><strong><em>πνεῦμα,</em></strong></span> <span class='ocrx_word' id='word_1_151' title='bbox 993 2100 1172 2144; x_wconf 81' lang='grc' dir='ltr'><strong><em>κοῦποτ’</em></strong></span> <span class='ocrx_word' id='word_1_152' title='bbox 1211 2103 1367 2158; x_wconf 82' lang='grc' dir='ltr'><strong><em>οὔριον</em></strong></span> 
     </span>
     <span class='ocr_line' id='line_1_28' title="bbox 325 2171 1370 2228; baseline 0.002 -14"><span class='ocrx_word' id='word_1_153' title='bbox 325 2172 486 2227; x_wconf 85' lang='grc' dir='ltr'><strong><em>ἐσῆλθε</em></strong></span> <span class='ocrx_word' id='word_1_154' title='bbox 518 2176 678 2227; x_wconf 88' lang='grc' dir='ltr'><strong><em>λαῖφος</em></strong></span> <span class='ocrx_word' id='word_1_155' title='bbox 709 2173 818 2215; x_wconf 84' lang='grc' dir='ltr'><strong><em>ὥστε</em></strong></span> <span class='ocrx_word' id='word_1_156' title='bbox 850 2171 893 2228; x_wconf 91' lang='grc' dir='ltr'><strong><em>μ’</em></strong></span> <span class='ocrx_word' id='word_1_157' title='bbox 932 2172 975 2222; x_wconf 88' lang='grc' dir='ltr'><strong><em>ές</em></strong></span> <span class='ocrx_word' id='word_1_158' title='bbox 1005 2173 1175 2228; x_wconf 91' lang='grc' dir='ltr'><strong><em>πάτραν</em></strong></span> <span class='ocrx_word' id='word_1_159' title='bbox 1207 2177 1370 2228; x_wconf 88' lang='grc' dir='ltr'><strong><em>μολεῖν.</em></strong></span> 
     </span>
     <span class='ocr_line' id='line_1_29' title="bbox 326 2242 1339 2300; baseline 0.003 -16"><span class='ocrx_word' id='word_1_160' title='bbox 326 2242 398 2284; x_wconf 84' lang='grc' dir='ltr'><strong><em>καὶ</em></strong></span> <span class='ocrx_word' id='word_1_161' title='bbox 429 2249 514 2285; x_wconf 90' lang='grc' dir='ltr'><strong><em>νῦν</em></strong></span> <span class='ocrx_word' id='word_1_162' title='bbox 546 2243 678 2294; x_wconf 85' lang='grc' dir='ltr'><strong><em>τάλας</em></strong></span> <span class='ocrx_word' id='word_1_163' title='bbox 709 2245 902 2297; x_wconf 83' lang='grc' dir='ltr'><strong><em>ναυαγὸς</em></strong></span> <span class='ocrx_word' id='word_1_164' title='bbox 934 2243 1150 2294; x_wconf 86' lang='grc' dir='ltr'><strong><em>ἀπολέσας</em></strong></span> <span class='ocrx_word' id='word_1_165' title='bbox 1180 2248 1339 2300; x_wconf 88' lang='grc' dir='ltr'><strong><em>φίλους</em></strong></span> 
     </span>
    </p>
   </div>
   <div class='ocr_carea' id='block_1_4' title="bbox 148 2411 1675 2976">
    <p class='ocr_par' dir='ltr' id='par_1_6' title="bbox 148 2411 1675 2671">
     <span class='ocr_line' id='line_1_30' title="bbox 243 2411 1673 2460; baseline 0.002 -13"><span class='ocrx_word' id='word_1_166' title='bbox 243 2417 310 2449; x_wconf 78' lang='lat'><strong><em>382</em></strong></span> <span class='ocrx_word' id='word_1_167' title='bbox 337 2411 575 2458; x_wconf 83' lang='grc' dir='ltr'><strong><em>χρυσοκέρατ’</em></strong></span> <span class='ocrx_word' id='word_1_168' title='bbox 606 2413 695 2456; x_wconf 80' lang='lat' dir='ltr'><strong><em>LG,</em></strong></span> <span class='ocrx_word' id='word_1_169' title='bbox 728 2412 935 2459; x_wconf 77' lang='grc' dir='ltr'><strong><em>χρυσόκερω</em></strong></span> <span class='ocrx_word' id='word_1_170' title='bbox 961 2414 973 2448; x_wconf 85' lang='lat' dir='ltr'><em>l</em></span> <span class='ocrx_word' id='word_1_171' title='bbox 1000 2414 1022 2449; x_wconf 92' lang='lat' dir='ltr'><strong><em>i.</em></strong></span> <span class='ocrx_word' id='word_1_172' title='bbox 1050 2425 1079 2449; x_wconf 79' lang='lat' dir='ltr'><strong><em>e.</em></strong></span> <span class='ocrx_word' id='word_1_173' title='bbox 1107 2413 1349 2460; x_wconf 84' lang='grc' dir='ltr'><strong><em>χρυσόκερων,</em></strong></span> <span class='ocrx_word' id='word_1_174' title='bbox 1382 2415 1481 2459; x_wconf 81' lang='lat' dir='ltr'>quod</span> <span class='ocrx_word' id='word_1_175' title='bbox 1515 2415 1673 2450; x_wconf 80' lang='lat' dir='ltr'>coniecit</span> 
     </span>
     <span class='ocr_line' id='line_1_31' title="bbox 148 2465 1673 2512; baseline 0.001 -12"><span class='ocrx_word' id='word_1_176' title='bbox 148 2465 292 2501; x_wconf 86' lang='lat' dir='ltr'>Dobree</span> <span class='ocrx_word' id='word_1_177' title='bbox 426 2470 494 2501; x_wconf 81' lang='lat'><strong><em>384</em></strong></span> <span class='ocrx_word' id='word_1_178' title='bbox 520 2466 652 2501; x_wconf 83' lang='grc' dir='ltr'><strong><em>ὤλεσεν</em></strong></span> <span class='ocrx_word' id='word_1_179' title='bbox 677 2466 808 2501; x_wconf 85' lang='grc' dir='ltr'><strong><em>ὤλεσεν</em></strong></span> <span class='ocrx_word' id='word_1_180' title='bbox 834 2467 912 2502; x_wconf 85' lang='lat' dir='ltr'><strong><em>LG</em></strong></span> <span class='ocrx_word' id='word_1_181' title='bbox 1043 2471 1110 2502; x_wconf 79' lang='lat'><strong><em>388</em></strong></span> <span class='ocrx_word' id='word_1_182' title='bbox 1126 2480 1178 2512; x_wconf 83' lang='lat' dir='ltr'><strong><em>sq.</em></strong></span> <span class='ocrx_word' id='word_1_183' title='bbox 1205 2467 1303 2512; x_wconf 83' lang='grc' dir='ltr'><strong><em>ἡνίκ’</em></strong></span> <span class='ocrx_word' id='word_1_184' title='bbox 1335 2468 1468 2511; x_wconf 77' lang='grc' dir='ltr'><strong><em>ἔρανον</em></strong></span> <span class='ocrx_word' id='word_1_185' title='bbox 1495 2468 1546 2508; x_wconf 77' lang='grc' dir='ltr'><strong><em>εἰς</em></strong></span> <span class='ocrx_word' id='word_1_186' title='bbox 1571 2471 1673 2503; x_wconf 85' lang='grc' dir='ltr'><strong><em>θεῶν</em></strong></span> 
     </span>
     <span class='ocr_line' id='line_1_32' title="bbox 148 2517 1675 2568; baseline 0.001 -15"><span class='ocrx_word' id='word_1_187' title='bbox 148 2517 364 2564; x_wconf 79' lang='grc' dir='ltr'><strong><em>(σφαγέντα</em></strong></span> <span class='ocrx_word' id='word_1_188' title='bbox 390 2519 523 2554; x_wconf 84' lang='grc' dir='ltr'><strong><em>καινὸν</em></strong></span> <span class='ocrx_word' id='word_1_189' title='bbox 553 2519 643 2558; x_wconf 84' lang='grc' dir='ltr'><strong><em>Ζεὺς</em></strong></span> <span class='ocrx_word' id='word_1_190' title='bbox 668 2518 780 2554; x_wconf 87' lang='grc' dir='ltr'><strong><em>πάλιν</em></strong></span> <span class='ocrx_word' id='word_1_191' title='bbox 803 2524 928 2565; x_wconf 84' lang='grc' dir='ltr'><strong><em>Δηοῦς</em></strong></span> <span class='ocrx_word' id='word_1_192' title='bbox 954 2520 1097 2568; x_wconf 87' lang='grc' dir='ltr'><strong><em>λιταῑς&gt;</em></strong></span> <span class='ocrx_word' id='word_1_193' title='bbox 1123 2522 1291 2560; x_wconf 81' lang='grc' dir='ltr'><strong><em>πεισθεὶς</em></strong></span> <span class='ocrx_word' id='word_1_194' title='bbox 1317 2519 1431 2555; x_wconf 76' lang='grc' dir='ltr'><strong><em>ἐποίει</em></strong></span> <span class='ocrx_word' id='word_1_195' title='bbox 1461 2519 1509 2562; x_wconf 81' lang='grc' dir='ltr'><strong><em>σ’,</em></strong></span> <span class='ocrx_word' id='word_1_196' title='bbox 1535 2519 1675 2562; x_wconf 83' lang='grc' dir='ltr'><strong><em>εὐθέως</em></strong></span> 
     </span>
     <span class='ocr_line' id='line_1_33' title="bbox 148 2571 1672 2620; baseline 0.001 -14"><span class='ocrx_word' id='word_1_197' title='bbox 148 2572 348 2616; x_wconf 83' lang='lat' dir='ltr'><strong>Hermann,</strong></span> <span class='ocrx_word' id='word_1_198' title='bbox 374 2571 473 2617; x_wconf 84' lang='grc' dir='ltr'><strong><em>ἡνίκ’</em></strong></span> <span class='ocrx_word' id='word_1_199' title='bbox 504 2571 638 2615; x_wconf 77' lang='grc' dir='ltr'><strong><em>ἔρανον</em></strong></span> <span class='ocrx_word' id='word_1_200' title='bbox 665 2572 704 2607; x_wconf 79' lang='grc' dir='ltr'><strong><em>ἐν</em></strong></span> <span class='ocrx_word' id='word_1_201' title='bbox 729 2575 846 2617; x_wconf 86' lang='grc' dir='ltr'><strong><em>θεοῖς,</em></strong></span> <span class='ocrx_word' id='word_1_202' title='bbox 870 2575 1029 2617; x_wconf 83' lang='grc' dir='ltr'><strong><em>προθεὶς</em></strong></span> <span class='ocrx_word' id='word_1_203' title='bbox 1054 2573 1103 2617; x_wconf 87' lang='grc' dir='ltr'><strong><em>σ’,</em></strong></span> <span class='ocrx_word' id='word_1_204' title='bbox 1130 2572 1246 2608; x_wconf 80' lang='grc' dir='ltr'><strong><em>ἐποίει</em></strong></span> <span class='ocrx_word' id='word_1_205' title='bbox 1277 2573 1466 2613; x_wconf 82' lang='grc' dir='ltr'><strong><em>Τάνταλος</em></strong></span> <span class='ocrx_word' id='word_1_206' title='bbox 1490 2574 1672 2620; x_wconf 81' lang='lat' dir='ltr'>Hartung.</span> 
     </span>
     <span class='ocr_line' id='line_1_34' title="bbox 148 2623 1675 2671; baseline 0.002 -11"><span class='ocrx_word' id='word_1_207' title='bbox 148 2625 273 2660; x_wconf 82' lang='lat' dir='ltr'>Verba</span> <span class='ocrx_word' id='word_1_208' title='bbox 304 2624 403 2669; x_wconf 59' lang='grc' dir='ltr'><strong><em>Γἡνίκ’</em></strong></span> <span class='ocrx_word' id='word_1_209' title='bbox 435 2653 442 2660; x_wconf 95' lang='grc'><strong>.</strong></span> <span class='ocrx_word' id='word_1_210' title='bbox 471 2653 478 2660; x_wconf 89' lang='grc'><em>.</em></span> <span class='ocrx_word' id='word_1_211' title='bbox 505 2623 641 2665; x_wconf 83' lang='grc' dir='ltr'><strong><em>ἐποίεις</em></strong></span> <span class='ocrx_word' id='word_1_212' title='bbox 672 2625 773 2660; x_wconf 79' lang='lat' dir='ltr'>delet</span> <span class='ocrx_word' id='word_1_213' title='bbox 804 2626 936 2661; x_wconf 82' lang='lat' dir='ltr'>Nauck</span> <span class='ocrx_word' id='word_1_214' title='bbox 1063 2631 1130 2661; x_wconf 77' lang='lat'><strong><em>392</em></strong></span> <span class='ocrx_word' id='word_1_215' title='bbox 1157 2625 1310 2671; x_wconf 86' lang='grc' dir='ltr'><strong><em>μενέλεω</em></strong></span> <span class='ocrx_word' id='word_1_216' title='bbox 1337 2628 1370 2661; x_wconf 87' lang='lat' dir='ltr'><em>L</em></span> <span class='ocrx_word' id='word_1_217' title='bbox 1382 2627 1426 2669; x_wconf 78' lang='lat' dir='ltr'><strong><em>G,</em></strong></span> <span class='ocrx_word' id='word_1_218' title='bbox 1459 2626 1636 2671; x_wconf 85' lang='grc' dir='ltr'><strong><em>μενέλεων</em></strong></span> <span class='ocrx_word' id='word_1_219' title='bbox 1663 2629 1675 2662; x_wconf 83' lang='lat' dir='ltr'><em>l</em></span> 
     </span>
    </p>

    <p class='ocr_par' dir='ltr' id='par_1_7' title="bbox 149 2677 1672 2930">
     <span class='ocr_line' id='line_1_35' title="bbox 244 2677 1672 2725; baseline 0.001 -12"><span class='ocrx_word' id='word_1_220' title='bbox 244 2682 312 2713; x_wconf 75' lang='lat'><strong><em>397</em></strong></span> <span class='ocrx_word' id='word_1_221' title='bbox 333 2678 417 2712; x_wconf 76' lang='lat' dir='ltr'>fort.</span> <span class='ocrx_word' id='word_1_222' title='bbox 445 2678 507 2712; x_wconf 80' lang='grc' dir='ltr'><strong><em>καὶ</em></strong></span> <span class='ocrx_word' id='word_1_223' title='bbox 533 2678 598 2712; x_wconf 87' lang='grc' dir='ltr'><strong><em>τὸν</em></strong></span> <span class='ocrx_word' id='word_1_224' title='bbox 623 2677 688 2722; x_wconf 79' lang='grc' dir='ltr'><strong><em>μὲν</em></strong></span> <span class='ocrx_word' id='word_1_225' title='bbox 715 2677 834 2713; x_wconf 83' lang='grc' dir='ltr'><strong><em>οὐκέτ’</em></strong></span> <span class='ocrx_word' id='word_1_226' title='bbox 865 2679 955 2714; x_wconf 87' lang='grc' dir='ltr'><strong><em>ὄντα</em></strong></span> <span class='ocrx_word' id='word_1_227' title='bbox 981 2679 1182 2724; x_wconf 79' lang='grc' dir='ltr'><strong><em>μακαρίσαι</em></strong></span> <span class='ocrx_word' id='word_1_228' title='bbox 1208 2679 1321 2723; x_wconf 76' lang='grc' dir='ltr'><strong><em>πάρα,</em></strong></span> <span class='ocrx_word' id='word_1_229' title='bbox 1348 2680 1402 2714; x_wconf 79' lang='lat' dir='ltr'><strong><em>ita</em></strong></span> <span class='ocrx_word' id='word_1_230' title='bbox 1427 2682 1468 2714; x_wconf 82' lang='lat' dir='ltr'><strong><em>ut</em></strong></span> <span class='ocrx_word' id='word_1_231' title='bbox 1494 2683 1578 2725; x_wconf 82' lang='lat' dir='ltr'><strong>post</strong></span> <span class='ocrx_word' id='word_1_232' title='bbox 1604 2685 1672 2715; x_wconf 73' lang='lat'><strong><em>399</em></strong></span> 
     </span>
     <span class='ocr_line' id='line_1_36' title="bbox 152 2730 1580 2780; baseline 0.001 -14"><span class='ocrx_word' id='word_1_233' title='bbox 152 2731 288 2766; x_wconf 82' lang='lat' dir='ltr'>lacuna</span> <span class='ocrx_word' id='word_1_234' title='bbox 314 2730 515 2764; x_wconf 82' lang='lat' dir='ltr'>statuenda</span> <span class='ocrx_word' id='word_1_235' title='bbox 542 2730 590 2764; x_wconf 79' lang='lat' dir='ltr'><strong><em>sit</em></strong></span> <span class='ocrx_word' id='word_1_236' title='bbox 684 2735 751 2765; x_wconf 82' lang='grc'><strong><em>399</em></strong></span> <span class='ocrx_word' id='word_1_237' title='bbox 779 2730 951 2780; x_wconf 85' lang='grc' dir='ltr'><strong><em>ὀνόματ’]</em></strong></span> <span class='ocrx_word' id='word_1_238' title='bbox 978 2732 1112 2777; x_wconf 83' lang='grc' dir='ltr'><strong><em>σώματ’</em></strong></span> <span class='ocrx_word' id='word_1_239' title='bbox 1144 2732 1269 2777; x_wconf 60' lang='grc' dir='ltr'><strong><em>ΡιιΙοῙ,</em></strong></span> <span class='ocrx_word' id='word_1_240' title='bbox 1296 2732 1448 2778; x_wconf 79' lang='grc' dir='ltr'><strong><em>σχήματ’</em></strong></span> <span class='ocrx_word' id='word_1_241' title='bbox 1473 2733 1580 2767; x_wconf 86' lang='lat' dir='ltr'>Prinz</span> 
     </span>
     <span class='ocr_line' id='line_1_37' title="bbox 149 2783 1578 2831; baseline 0.001 -12"><span class='ocrx_word' id='word_1_242' title='bbox 149 2789 218 2819; x_wconf 77' lang='lat'><strong><em>402</em></strong></span> <span class='ocrx_word' id='word_1_243' title='bbox 244 2784 306 2819; x_wconf 81' lang='grc' dir='ltr'><strong><em>καὶ</em></strong></span> <span class='ocrx_word' id='word_1_244' title='bbox 340 2783 392 2823; x_wconf 82' lang='grc' dir='ltr'><strong><em>εἰς</em></strong></span> <span class='ocrx_word' id='word_1_245' title='bbox 417 2783 506 2826; x_wconf 81' lang='lat' dir='ltr'><strong><em>LG,</em></strong></span> <span class='ocrx_word' id='word_1_246' title='bbox 543 2783 620 2823; x_wconf 82' lang='grc' dir='ltr'><strong><em>κείς</em></strong></span> <span class='ocrx_word' id='word_1_247' title='bbox 646 2784 687 2829; x_wconf 69' lang='lat' dir='ltr'><strong><em>lg]</em></strong></span> <span class='ocrx_word' id='word_1_248' title='bbox 812 2789 962 2820; x_wconf 83' lang='lat'>402—5</span> <span class='ocrx_word' id='word_1_249' title='bbox 995 2785 1063 2826; x_wconf 78' lang='grc' dir='ltr'><strong><em>κάς</em></strong></span> <span class='ocrx_word' id='word_1_250' title='bbox 1090 2815 1096 2821; x_wconf 96' lang='grc'><em>.</em></span> <span class='ocrx_word' id='word_1_251' title='bbox 1125 2814 1131 2820; x_wconf 90' lang='grc'><em>.</em></span> <span class='ocrx_word' id='word_1_252' title='bbox 1158 2785 1278 2826; x_wconf 78' lang='grc' dir='ltr'><strong><em>πάσας</em></strong></span> <span class='ocrx_word' id='word_1_253' title='bbox 1310 2785 1410 2820; x_wconf 76' lang='lat' dir='ltr'><strong>delet</strong></span> <span class='ocrx_word' id='word_1_254' title='bbox 1436 2787 1578 2831; x_wconf 69' lang='lat' dir='ltr'><strong>(ioguel</strong></span> 
     </span>
     <span class='ocr_line' id='line_1_38' title="bbox 149 2833 1672 2883; baseline 0.003 -11"><span class='ocrx_word' id='word_1_255' title='bbox 149 2841 219 2872; x_wconf 91' lang='lat'><strong><em>404</em></strong></span> <span class='ocrx_word' id='word_1_256' title='bbox 244 2837 385 2883; x_wconf 80' lang='grc' dir='ltr'><strong><em>Λιβύης</em></strong></span> <span class='ocrx_word' id='word_1_257' title='bbox 411 2835 445 2870; x_wconf 79' lang='grc' dir='ltr'><strong><em>δ’</em></strong></span> <span class='ocrx_word' id='word_1_258' title='bbox 475 2836 663 2871; x_wconf 82' lang='lat' dir='ltr'>Hermann</span> <span class='ocrx_word' id='word_1_259' title='bbox 686 2839 690 2881; x_wconf 94' lang='grc' dir='ltr'>Ι</span> <span class='ocrx_word' id='word_1_260' title='bbox 714 2833 940 2882; x_wconf 77' lang='grc' dir='ltr'><strong><em>ἐπιστροφὰς</em></strong></span> <span class='ocrx_word' id='word_1_261' title='bbox 964 2838 1188 2873; x_wconf 76' lang='lat' dir='ltr'>Herwerden</span> <span class='ocrx_word' id='word_1_262' title='bbox 1284 2842 1351 2872; x_wconf 75' lang='lat'><strong><em>4013</em></strong></span> <span class='ocrx_word' id='word_1_263' title='bbox 1378 2840 1441 2873; x_wconf 78' lang='grc' dir='ltr'><strong><em>καὶ</em></strong></span> <span class='ocrx_word' id='word_1_264' title='bbox 1468 2839 1596 2874; x_wconf 79' lang='grc' dir='ltr'><strong><em>οὔποτ’</em></strong></span> <span class='ocrx_word' id='word_1_265' title='bbox 1626 2842 1672 2883; x_wconf 86' lang='lat' dir='ltr'><strong><em>L,</em></strong></span> 
     </span>
     <span class='ocr_line' id='line_1_39' title="bbox 151 2888 830 2930; baseline -0.001 -5"><span class='ocrx_word' id='word_1_266' title='bbox 151 2888 302 2925; x_wconf 81' lang='grc' dir='ltr'><strong><em>κοῦποτ’</em></strong></span> <span class='ocrx_word' id='word_1_267' title='bbox 335 2890 389 2923; x_wconf 69' lang='lat' dir='ltr'><strong><em>{G</em></strong></span> <span class='ocrx_word' id='word_1_268' title='bbox 485 2893 554 2924; x_wconf 80' lang='lat'><strong><em>408</em></strong></span> <span class='ocrx_word' id='word_1_269' title='bbox 580 2888 770 2930; x_wconf 83' lang='grc' dir='ltr'><strong><em>ἀπωλέσας</em></strong></span> <span class='ocrx_word' id='word_1_270' title='bbox 797 2890 830 2923; x_wconf 82' lang='lat' dir='ltr'><strong><em>(r&#39;</em></strong></span> 
     </span>
    </p>

    <p class='ocr_par' dir='ltr' id='par_1_8' title="bbox 1413 2951 1458 2976">
     <span class='ocr_line' id='line_1_40' title="bbox 1413 2951 1458 2976; baseline 0 -6"><span class='ocrx_word' id='word_1_271' title='bbox 1413 2951 1458 2976; x_wconf 71' lang='lat' dir='ltr'><strong><em>o*</em></strong></span> 
     </span>
    </p>
   </div>
   <div class='ocr_carea' id='block_1_5' title="bbox 1415 2976 1433 2986">
    <p class='ocr_par' dir='ltr' id='par_1_9' title="bbox 1415 2976 1433 2986">
     <span class='ocr_line' id='line_1_41' title="bbox 1415 2976 1433 2986; baseline 0 0"><span class='ocrx_word' id='word_1_272' title='bbox 1415 2976 1433 2986; x_wconf 68' lang='grc' dir='ltr'><em>κ</em></span> 
     </span>
    </p>
   </div>
  </div>
 </body>
</html>
