1929 3208
267 183 322 222 Ἡ)
907 178 1150 213 ΛΡΡΕΝΠΙΧ

265 288 303 321 15?—
326 286 448 327 δόλιος
469 286 696 320 vonivivham
721 286 725 331 Ι
753 285 893 329 Κύπρις
915 284 1007 332 <σφ’
1033 285 1198 333 ἔπεμπε)
1220 285 1412 329 highlsooh
1497 292 1565 321 223¹.»
1587 286 1796 329 ,Δαναΐδαις

268 341 434 375 {Mt-mor
467 340 607 384 ἄγουσα
643 337 885 383 ΙῙριαμίδαισί
918 337 949 373 τ’
988 339 1174 373 Hermann
1217 340 1220 384 Ι
1264 338 1488 384 Πριαμίδαις
1520 353 1556 375 τε
1588 341 1698 375 verba
1731 342 1796 375 aul,

266 394 386 439 spuria
411 396 470 428 :ml
497 394 670 437 corrupta
691 394 799 437 put-al
821 392 951 427 Nauck
975 392 980 438 Ι
1005 391 1247 437 Πριαμίδαισί
1273 391 1305 426 τ’
1336 393 1476 437 Burgvs
1499 394 1503 438 Ι
1527 395 1611 438 pol-th
1638 393 1794 439 Πριαμί-

269 451 353 487 δαις
381 446 595 491 :nnpliorvm
625 446 796 480 lacunam
825 445 960 480 statuit
979 445 1229 479 VVilamowitz

362 511 428 540 210
443 501 470 539 ὦ
492 504 663 550 τιξλαιναΙ
686 503 786 550 τῆσδ’
812 503 944 549 ἐπῆρχε
961 504 1014 537 vol
1032 504 1152 538 similo
1168 504 1256 549 quid
1274 505 1429 549 requirit,
1445 505 1610 540 Badham
1676 511 1739 541 241
1757 506 1796 542 ἐν

265 559 304 593 δὲ
332 559 514 593 ΙΙυιῚιιιιιιιι
539 560 544 603 Ι
571 558 588 602 ἡ
616 556 650 591 δ’
682 558 721 592 ἐν
746 557 911 602 χρυσέοις
931 557 1066 593 Jacobs
1089 558 1093 603 Ι
1115 557 1271 602 θρόνοις
1297 557 1499 605 <mmmmm
1522 559 1575 593 vel
1603 559 1794 607 ἐφημένη)

269 613 459 655 Lighlsoot
583 616 648 645 242
676 611 699 645 ἀ
728 611 817 650 Διὸς
844 610 1128 656 παραγκάλισμα
1155 612 1341 646 Hermann
1376 614 1380 656 Ι
1408 610 1505 656 ’Ἡρα
1533 613 1633 647 delet
1658 614 1797 659 Bnrges

361 670 425 699 ’.Ξ-Η
443 678 521 709 sqq.
550 663 589 704 ὃς
615 677 657 708 με
685 663 815 709 χλοερὰ
842 663 1076 708 δρεπομέναν
1103 661 1216 710 ῥόδεα
1243 677 1279 699 τε
1306 663 1431 700 πέταλ’
1458 665 1524 700 ἔσω
1544 663 1703 711 πέπλων,
1729 665 1797 702 τὰν

265 717 477 764 χαλκίοικον
510 719 557 757 ὡς
589 715 732 761 μόλοιμ’
766 717 951 751 1101Ίηιιηῐ]
1074 721 1141 751 246
1179 716 1363 763 μέλποιμ’,
1397 718 1610 762 ἀνήρπασεν
1637 719 1795 754 Schenkl

360 777 426 806 ’.218
442 785 494 815 sq.
523 772 607 815 post.
633 775 700 804 239
728 769 950 814 transponit,
979 769 1111 805 deletis
1140 770 1260 806 verbis
1289 770 1514 816 Πριαμίδαις
1539 784 1576 806 τε
1603 771 1641 806 in
1663 785 1693 808 v.
1717 777 1796 816 239,

270 824 441 859 Schenkl.
494 824 570 858 lloc
598 825 746 868 recepto
774 835 916 857 versum
945 827 1013 856 240
1040 826 1126 858 anto
1153 828 1219 859 247
1248 824 1378 859 inserit
1403 825 1627 861 Herwerden

362 887 428 917 2¹56
451 882 550 917 ‹lelct
568 882 709 927 Goguc]
799 887 866 916 259
888 881 1017 926 ὅμοιον
1038 877 1065 929 ᾧ
1086 881 1175 928 φασ’
1202 883 1241 918 ἐκ
1263 883 1352 924 Διὸς
1372 883 1504 927 Λήδαν
1524 891 1642 920 τεκεῖν
1657 885 1797 931 Burgcs

361 947 428 977 ‘2ss0
449 941 555 986 τέρας
574 941 609 977 δ’
635 942 653 977 ὁ
674 941 798 988 βίοτος
818 942 1013 977 Kirchhoff
1097 947 1235 978 261—6
1257 943 1358 978 delet
1372 944 1515 989 (loguel
1605 948 1672 979 262
1694 944 1797 988 ἐξαν-

267 994 426 1042 οιχθεῖσ’
458 995 584 1030 Nabcr
682 1000 748 1029 263
776 995 964 1041 αἴσχιστον
991 995 1028 1030 F.
1052 996 1119 1031 Gu.
1143 995 1312 1031 Schmidt
1334 997 1338 1041 Ι
1361 995 1490 1043 λάβοιν
1515 996 1703 1031 Hermann

268 1055 334 1085 2134
351 1050 410 1084 καὶ
434 1048 500 1089 τὰς
520 1048 651 1093 (postas
665 1049 844 1093 Bmlham,
866 1049 914 1089 ὡς
933 1049 998 1089 τὰς
1016 1049 1128 1094 τύχας
1143 1049 1230 1084 olim
1246 1049 1468 1084 Herwcrden
1545 1053 1683 1084 264—ss
1700 1050 1800 1086 delet

270 1103 493 1138 llcrwerden
616 1106 683 1137 265
710 1101 776 1142 τὰς
808 1101 848 1136 δὲ
875 1102 921 1147 δὴ
948 1101 1063 1142 καλὰς
1088 1102 1233 1137 Dobree
1356 1106 1423 1136 267
1450 1101 1683 1149 ἀπόβλεπτον
1708 1103 1799 1139 Her-

267 1168 379 1191 mann
477 1159 544 1190 268
572 1156 667 1201 βαρὺ
694 1153 760 1200 μέν
787 1154 875 1199 ἐστ’,
902 1155 1026 1190 οἰστὸν
1052 1154 1087 1190 δ’
1118 1155 1235 1190 Cobet

362 1219 428 1250 271
446 1227 496 1259 sq.
526 1214 626 1249 delet
651 1213 870 1248 Holthoofer
980 1218 1047 1248 272
1075 1213 1245 1259 κέκληται
1273 1215 1463 1249 Lceuwcn.
1516 1214 1672 1250 Versum
1699 1215 1800 1251 delet

271 1268 492 1303 llcrwerden
584 1271 652 1301 276
681 1267 832 1301 delebat
850 1267 1023 1311 Hartung
1113 1271 1180 1301 279
1208 1267 1309 1311 εἴπερ
1336 1266 1419 1313 (ἀφ’
1451 1265 1494 1303 οὗ
1515 1268 1694 1313 Badham,
1722 1268 1800 1304 ἐπεὶ

268 1323 396 1367 (fobet)
410 1320 592 1366 τέθνηκεν
607 1318 723 1364 οὗτος,
745 1319 864 1355 οὐκέτ’
884 1320 957 1355 ἔστι
978 1319 1025 1364 δή
1038 1320 1227 1355 Hermann
1251 1321 1254 1365 Ι
1277 1319 1475 1367 τέθνηκεν]
1498 1319 1653 1368 βέβηκεν
1663 1321 1799 1357 Jacobs

364 1385 432 1415 280
460 1381 573 1425 αὐτῆς
599 1381 696 1414 δοκῶ
718 1379 866 1421 Jacobs,
892 1379 961 1424 ἐγὼ
988 1379 1083 1414 κλύω
1106 1379 1285 1424 Badham‚
1312 1379 1466 1425 (αὐδῶμ’
1499 1380 1568 1425 ἐγώ
1595 1380 1683 1415 olim
1707 1381 1800 1416 Her-

272 1435 431 1478 wcrden)
455 1436 459 1478 Ι
482 1433 544 1467 καὶ
572 1432 667 1467 κλύω
695 1433 833 1476 φονεὺς
859 1432 927 1478 ἐγὼ
949 1432 1109 1467 Schenkl
1203 1437 1267 1467 281
1296 1431 1442 1474 ἀδόκως
1463 1463 1469 1469 .
1493 1461 1499 1468 .
1520 1433 1682 1479 τᾶδοκον
1701 1433 1800 1468 Mus-

268 1498 379 1532 gravc
421 1489 425 1531 Ι
466 1484 542 1520 ἀλλ’
580 1485 752 1531 ἄλγιστον
786 1484 867 1519 ἔσθ’
906 1483 1002 1530 ὅμως
1041 1484 1120 1530 ἐμοί
1151 1486 1190 1521 F.
1218 1486 1284 1521 Gn.
1313 1485 1481 1521 Schmidt
1521 1488 1524 1531 Ι
1564 1485 1684 1533 τοῦτ’]
1716 1485 1796 1522 τόδ’

269 1541 431 1585 Elmsley
473 1542 476 1585 Ι
517 1538 616 1574 τοῦτ’
653 1537 796 1574 οἰστέον
821 1539 972 1583 JacobS‚
1006 1538 1104 1574 τοῦτ’
1142 1539 1294 1585 εὔλογον
1327 1539 1397 1583 (vel
1431 1537 1619 1584 εὐπρεπές)
1646 1539 1799 1584 Kayser,

269 1593 348 1629 τόδ’
381 1594 449 1628 ἔστι
481 1599 549 1628 νῦν
575 1592 739 1627 Mancini
763 1593 766 1639 Ι
789 1591 944 1627 τᾶδικον
969 1592 1178 1627 πιστεύεται
1204 1593 1274 1638 (vel
1300 1592 1423 1629 πίστιν
1449 1592 1484 1640 γ’
1515 1593 1601 1639 ἔχει)
1628 1593 1801 1639 Schenkl,

270 1646 310 1682 τό
339 1660 377 1692 γε
404 1648 530 1682 δοκεῖν
556 1644 726 1690 πρόσεστί
754 1659 815 1690 μοι
841 1645 1001 1680 Holzner
1036 1648 1040 1691 Ι
1076 1644 1158 1680 ἔσθ’
1189 1646 1285 1691 ὁμῶς
1309 1647 1492 1692 Hartung,
1521 1646 1677 1692 ἔννομον
1703 1647 1802 1682 coni-

270 1700 425 1735 oieb-am.
472 1699 628 1734 Versum
656 1699 757 1734 delet
776 1698 1001 1734 Herwerden
1088 1703 1155 1733 282
1171 1711 1222 1743 sq.
1251 1699 1347 1744 ἐμῶν
1373 1698 1444 1744 ἔφυ
1472 1729 1477 1735 .
1507 1728 1513 1734 .
1541 1698 1592 1735 δι’
1622 1699 1683 1744 ἐμὲ
1707 1713 1802 1745 παρ-

269 1753 465 1788 θενεύεται
492 1753 643 1797 Kayser.
694 1752 833 1786 Versus
860 1751 961 1786 delet
987 1751 1046 1786 W.
1073 1751 1243 1786 Ribbeck
1361 1756 1428 1787 283
1455 1753 1566 1788 πολιὰ
1592 1754 1802 1798 παρθενεύ-

271 1821 367 1851 ματα
392 1806 600 1850 Hermann,
626 1805 901 1849 παρθενεύεται
927 1804 1042 1839 πάλαι
1068 1805 1227 1850 Burges,
1258 1803 1390 1850 χρόνια
1415 1806 1687 1850 παρθενεύεται
1711 1806 1803 1842 Her-

271 1860 419 1895 werden
542 1862 609 1893 284
643 1859 691 1893 τὼ
724 1864 788 1893 τοῦ
822 1858 912 1898 Διὸς
940 1887 945 1892 .
976 1887 981 1892 .
1009 1856 1106 1902 κόρω
1140 1858 1180 1894 ἐν
1212 1859 1359 1904 βροτοῖς
1391 1857 1551 1893 Schenkl
1592 1861 1596 1904 Ι
1638 1857 1728 1900 Διός
1765 1872 1802 1895 τε

271 1912 436 1947 Mancini
544 1915 611 1946 286
637 1918 716 1952 τοῖς
740 1910 950 1956 πλάσμασιν
977 1911 1111 1947 Canter
1139 1913 1143 1957 Ι
1171 1917 1249 1951 τοῖς
1273 1909 1412 1956 λόγοισι
1439 1910 1474 1946 δ’
1505 1912 1548 1946 οὔ
1573 1912 1709 1948 Jacobs

273 1970 339 2001 288
367 1963 525 2011 εἷ’ργοιέν
551 1977 594 2009 με
621 1964 808 2007 Badhan),
836 1963 997 2008 εἷ’ρξαιέν
1023 1977 1065 2009 με
1092 1963 1368 1999 Rauchenstein
1403 1965 1407 2009 Ι
1442 1963 1508 1999 ἀπ’
1533 1963 1645 2000 Ἰλίου
1671 1965 1804 2000 Nauck

366 2020 454 2054 Post
474 2022 541 2053 288
568 2017 743 2053 lacunam
769 2017 903 2053 statuit
924 2017 1067 2062 Kayser
1152 2022 1220 2053 289
1242 2019 1444 2058 δοκοῦντος
1464 2018 1640 2064 Scaliger,
1666 2021 1804 2055 δοκοῦν

272 2072 305 2118 γ’
337 2071 385 2107 ἂν
411 2071 607 2106 Kirehhoff
625 2071 629 2117 Ι
647 2069 803 2116 Ἑλένην
829 2071 1043 2106 δοκούντων
1069 2071 1206 2106 Reiske
1229 2073 1232 2116 Ι
1255 2069 1427 2106 Μενέλεώ
1454 2070 1488 2117 γ’
1518 2071 1643 2107 ἐλθεῖν
1668 2072 1803 2118 Heabh,

274 2124 446 2161 Μενέλεω
477 2123 618 2169 μέλλειν
644 2124 779 2159 Jacobs
820 2124 824 2170 Ι
864 2122 1062 2159 Μενέλεών
1089 2153 1095 2158 .
1126 2153 1132 2159 .
1160 2123 1249 2169 μέτα
1276 2124 1406 2168 Orelli,
1439 2123 1636 2160 Μενέλεών
1663 2155 1669 2160 .
1698 2154 1705 2161 .
1731 2125 1804 2161 ὕπο

273 2179 339 2213 Fix
375 2181 379 2223 Ι
416 2177 453 2223 μ’
485 2178 610 2212 ἐλθεῖν
640 2176 744 2224 μέτα]
779 2176 816 2222 μ’
854 2177 978 2212 ἐλθεῖν
1010 2176 1095 2221 ἄτερ
1129 2177 1202 2223 (vel
1234 2177 1338 2222 ἄνευ)
1363 2177 1522 2222 Brunck,
1549 2179 1688 2222 (μολεῖν
1719 2178 1804 2223 ἄτερ

272 2231 517 2276 Heimsoeth),
543 2231 761 2275 μιμούμενοι
789 2230 945 2266 Siebelis

367 2288 434 2319 291
463 2283 636 2324 ἐλθόντες
662 2284 713 2324 εἰς
739 2282 904 2329 ξύμβολ’,
931 2282 955 2317 ἃ
982 2283 1128 2328 φανερὰ
1155 2283 1282 2328 μόνοις
1308 2282 1355 2318 ἂν
1381 2280 1427 2328 ἦν
1453 2283 1582 2330 Reisig
1604 2286 1608 2330 Ι
1631 2283 1804 2328 ἐλθόνθ’,

273 2338 296 2372 ἃ
330 2335 623 2382 φανερουμένοις
659 2335 706 2372 ἂν
737 2332 784 2380 ἦν
815 2336 874 2371 W.
903 2335 944 2371 G.
973 2336 1100 2380 Clark,
1139 2335 1329 2380 ἐλθόντες,
1368 2335 1458 2381 σάφ’
1495 2336 1542 2372 ἂν
1574 2334 1657 2384 ᾔδει
1693 2335 1806 2381 μόνος

274 2392 310 2426 F.
339 2390 406 2426 Gru.
435 2390 619 2434 Schmidt,
659 2387 808 2424 ἐλθοῢσ’
849 2388 1004 2434 ἁμφανῆ
1044 2387 1212 2434 μόνοισιν
1248 2385 1295 2433 ἦν
1335 2389 1495 2424 Schenkl
1535 2391 1539 2434 Ι
1581 2388 1717 2434 φανέρ’
1757 2385 1805 2434 ἦν

274 2443 417 2489 μόνοισι
444 2447 519 2490 νῷν
544 2443 688 2487 Kayser
722 2445 726 2487 Ι
761 2440 931 2487 μόνοισιν
956 2438 1003 2486 ἦν
1029 2441 1132 2487 (olim
1158 2440 1316 2477 ἐλθόνθ’
1347 2440 1402 2482 οἷς
1433 2441 1579 2487 φανερὰ
1605 2440 1733 2486 μόνοις
1757 2441 1805 2478 ἂν

274 2494 334 2541 ἦν)
359 2497 541 2542 Hartung.
592 2496 749 2531 Versum
776 2495 865 2530 olim
890 2497 1104 2540 suspectum
1128 2495 1296 2530 habebat
1322 2495 1455 2530 Nauck
1576 2499 1643 2529 292
1669 2501 1739 2531 νῦν
1765 2494 1800 2531 δ’

275 2548 404 2585 οὐκέθ’
437 2547 544 2590 οὗτος
569 2549 652 2584 οὔτε
679 2561 741 2593 μοι
766 2548 902 2583 Reiske
925 2550 929 2594 Ι
953 2547 1036 2583 οὔτε
1063 2546 1101 2592 μ’
1132 2548 1279 2583 ἐκσώσει
1305 2548 1425 2583 Bothe
1448 2550 1452 2593 Ι
1475 2546 1552 2583 οὔτ’
1584 2547 1664 2592 ἐμοὶ
1683 2546 1804 2594 ’σώθη

274 2600 382 2643 πόσις
400 2603 535 2637 Jacobs
565 2604 569 2647 Ι
598 2602 718 2648 σωθῇ]
746 2602 845 2646 δοθῇ
871 2601 1014 2645 Nauck,
1041 2600 1194 2636 ἐκσωθῶ
1216 2601 1376 2636 Schenkl
1476 2604 1544 2635 293
1571 2599 1800 2646 (ὑπολείπομ’

276 2656 327 2695 εἰς
352 2655 507 2700 Kayser)
606 2659 672 2690 297
700 2655 763 2689 καὶ
788 2654 829 2689 τὸ
856 2653 947 2698 δῶμ’
978 2654 1155 2700 Scaliger,
1181 2655 1244 2689 καὶ
1270 2654 1310 2688 τὸ
1337 2660 1416 2698 φῶς
1440 2654 1649 2699 Musgrave‚
1674 2655 1738 2688 καὶ
1763 2654 1804 2689 τὸ

276 2711 340 2753 ζῆν
360 2708 496 2743 Reiske
519 2711 523 2753 Ι
547 2709 610 2743 καὶ
636 2708 676 2743 τὸ
704 2707 885 2750 σώζεσθαι
905 2707 1100 2752 Matthiae,
1127 2708 1190 2742 καὶ
1215 2707 1257 2742 τὸ
1284 2712 1356 2741 σῶν
1377 2706 1475 2742 ἐστιν
1497 2706 1649 2751 Seidler‚
1676 2708 1739 2742 καὶ
1763 2707 1804 2742 τὸ

276 2760 370 2805 πῶμ’
402 2761 499 2796 ἐστιν
526 2761 653 2805 Orelli,
679 2761 740 2795 καὶ
766 2760 808 2795 τὸ
834 2759 950 2806 βρῶμ’
982 2759 1079 2795 ἐστιν
1105 2760 1163 2794 W.
1189 2759 1370 2803 Ribbeck,
1397 2760 1460 2794 καὶ
1486 2757 1564 2794 τόδ’
1595 2759 1678 2794 αὔτ’
1708 2759 1805 2795 ἐστιν

276 2814 512 2858 Herwerden,
533 2812 687 2858 κάξίωμ’
714 2812 810 2849 ἐστίν
830 2813 1001 2858 Holzner‚
1022 2814 1086 2848 καὶ
1105 2817 1252 2858 τρυφᾶν
1272 2811 1342 2856 (vel
1362 2811 1542 2857 τρύφημ’)
1564 2809 1661 2847 ἔστιν
1681 2812 1805 2847 Stadt-

276 2867 432 2902 mueller
530 2871 596 2901 298
624 2867 684 2913 οὐ]
711 2864 778 2902 οὖν
805 2866 1016 2911 Stephanus

373 2924 440 2954 302
467 2920 602 2964 πικρὸν
628 2919 684 2956 δ’·
714 2919 732 2955 ὁ
759 2919 830 2955 κτὲ.
857 2919 1052 2964 Tyrwffibb,
1080 2919 1232 2964 σμικρὸν
1258 2917 1293 2954 δ’
1324 2918 1479 2963 ἐπαρκεῖ
1502 2920 1628 2963 κουρὶς
1653 2918 1805 2962 ἀλλάξαι
