<?xml version="1.0" encoding="UTF-8"?>
<!DOCTYPE html PUBLIC "-//W3C//DTD XHTML 1.0 Transitional//EN"
    "http://www.w3.org/TR/xhtml1/DTD/xhtml1-transitional.dtd">
<html xmlns="http://www.w3.org/1999/xhtml" xml:lang="en" lang="en">
 <head>
  <title>
</title>
<meta http-equiv="Content-Type" content="text/html;charset=utf-8" />
  <meta name='ocr-system' content='tesseract 3.04.00' />
  <meta name='ocr-capabilities' content='ocr_page ocr_carea ocr_par ocr_line ocrx_word'/>
</head>
<body>
  <div class='ocr_page' id='page_1' title='image "./euripidisfabula01euriuoft_0520.png"; bbox 0 0 1929 3208; ppageno 0'>
   <div class='ocr_carea' id='block_1_1' title="bbox 272 165 1186 205">
    <p class='ocr_par' dir='ltr' id='par_1_1' title="bbox 272 165 1186 205">
     <span class='ocr_line' id='line_1_1' title="bbox 272 165 1186 205; baseline 0.001 -9"><span class='ocrx_word' id='word_1_1' title='bbox 272 166 322 205; x_wconf 60' lang='grc' dir='ltr'><em>ιε</em></span> <span class='ocrx_word' id='word_1_2' title='bbox 920 165 1186 198; x_wconf 57' lang='grc' dir='ltr'><em>ιςτνιιιιΔοΤ</em></span> 
     </span>
    </p>
   </div>
   <div class='ocr_carea' id='block_1_2' title="bbox 320 295 1829 2348">
    <p class='ocr_par' dir='ltr' id='par_1_2' title="bbox 320 295 1829 2348">
     <span class='ocr_line' id='line_1_2' title="bbox 920 295 1180 327; baseline 0.004 -1"><span class='ocrx_word' id='word_1_3' title='bbox 920 295 1003 326; x_wconf 75' lang='grc' dir='ltr'><em>ΟΔἹ</em></span> <span class='ocrx_word' id='word_1_4' title='bbox 1014 296 1180 327; x_wconf 59' lang='lat' dir='ltr'><em>&#39;xm-:TE</em></span> 
     </span>
     <span class='ocr_line' id='line_1_3' title="bbox 480 365 1829 422; baseline 0.004 -15"><span class='ocrx_word' id='word_1_5' title='bbox 480 365 512 408; x_wconf 79' lang='grc' dir='ltr'><strong>ὦ</strong></span> <span class='ocrx_word' id='word_1_6' title='bbox 549 370 649 419; x_wconf 80' lang='grc' dir='ltr'><em>Ζεῦ,</em></span> <span class='ocrx_word' id='word_1_7' title='bbox 682 369 725 408; x_wconf 83' lang='grc' dir='ltr'><em>τί</em></span> <span class='ocrx_word' id='word_1_8' title='bbox 757 366 881 420; x_wconf 75' lang='grc' dir='ltr'><em>λέξω,</em></span> <span class='ocrx_word' id='word_1_9' title='bbox 914 365 1023 409; x_wconf 82' lang='grc' dir='ltr'><em>δείν’</em></span> <span class='ocrx_word' id='word_1_10' title='bbox 1057 367 1165 409; x_wconf 84' lang='grc' dir='ltr'><em>ἰδὼν</em></span> <span class='ocrx_word' id='word_1_11' title='bbox 1191 369 1364 422; x_wconf 78' lang='grc' dir='ltr'><em>ἄντρων</em></span> <span class='ocrx_word' id='word_1_12' title='bbox 1391 366 1474 411; x_wconf 78' lang='grc' dir='ltr'><em>ἔσω</em></span> <span class='ocrx_word' id='word_1_13' title='bbox 1762 381 1829 413; x_wconf 80' lang='grc'><em>375</em></span> 
     </span>
     <span class='ocr_line' id='line_1_4' title="bbox 478 437 1634 495; baseline 0.003 -16"><span class='ocrx_word' id='word_1_14' title='bbox 478 438 558 479; x_wconf 87' lang='grc' dir='ltr'><strong>κού</strong></span> <span class='ocrx_word' id='word_1_15' title='bbox 592 438 741 491; x_wconf 80' lang='grc' dir='ltr'><em>πιστά,</em></span> <span class='ocrx_word' id='word_1_16' title='bbox 774 439 936 491; x_wconf 79' lang='grc' dir='ltr'><em>μύθοις</em></span> <span class='ocrx_word' id='word_1_17' title='bbox 969 439 1118 492; x_wconf 80' lang='grc' dir='ltr'><em>εἰκότ’,</em></span> <span class='ocrx_word' id='word_1_18' title='bbox 1151 439 1232 481; x_wconf 88' lang='grc' dir='ltr'><em>οὐκ</em></span> <span class='ocrx_word' id='word_1_19' title='bbox 1265 437 1409 494; x_wconf 79' lang='grc' dir='ltr'><em>ἔργοις</em></span> <span class='ocrx_word' id='word_1_20' title='bbox 1440 443 1634 495; x_wconf 87' lang='grc' dir='ltr'><em>βροτῶν;</em></span> 
     </span>
     <span class='ocr_line' id='line_1_5' title="bbox 324 507 1557 563; baseline 0.003 -13"><span class='ocrx_word' id='word_1_21' title='bbox 324 512 413 551; x_wconf 83' lang='lat' dir='ltr'><em>XO.</em></span> <span class='ocrx_word' id='word_1_22' title='bbox 477 510 520 550; x_wconf 89' lang='grc' dir='ltr'><em>τί</em></span> <span class='ocrx_word' id='word_1_23' title='bbox 550 507 592 549; x_wconf 83' lang='grc' dir='ltr'><em>δ’</em></span> <span class='ocrx_word' id='word_1_24' title='bbox 620 507 724 563; x_wconf 78' lang='grc' dir='ltr'><em>ἔστ’,</em></span> <span class='ocrx_word' id='word_1_25' title='bbox 753 509 981 560; x_wconf 82' lang='grc' dir='ltr'><em>Ὀδυσσεῦ;</em></span> <span class='ocrx_word' id='word_1_26' title='bbox 1013 517 1108 563; x_wconf 86' lang='grc' dir='ltr'><em>μῶν</em></span> <span class='ocrx_word' id='word_1_27' title='bbox 1135 512 1389 553; x_wconf 83' lang='grc' dir='ltr'><em>τεθοίναται</em></span> <span class='ocrx_word' id='word_1_28' title='bbox 1422 511 1557 554; x_wconf 80' lang='grc' dir='ltr'><strong><em>σέθεν</em></strong></span> 
     </span>
     <span class='ocr_line' id='line_1_6' title="bbox 477 580 1441 635; baseline 0.002 -13"><span class='ocrx_word' id='word_1_29' title='bbox 477 582 637 635; x_wconf 88' lang='grc' dir='ltr'><em>φίλους</em></span> <span class='ocrx_word' id='word_1_30' title='bbox 669 580 869 635; x_wconf 79' lang='grc' dir='ltr'><em>ἑταίρους</em></span> <span class='ocrx_word' id='word_1_31' title='bbox 901 581 1194 631; x_wconf 76' lang='grc' dir='ltr'>ἀνοσιώτατος</span> <span class='ocrx_word' id='word_1_32' title='bbox 1228 582 1441 634; x_wconf 83' lang='grc' dir='ltr'><em>Κύκλωψ;</em></span> 
     </span>
     <span class='ocr_line' id='line_1_7' title="bbox 323 651 1514 710; baseline 0.003 -18"><span class='ocrx_word' id='word_1_33' title='bbox 323 655 411 693; x_wconf 64' lang='lat' dir='ltr'><em>(m.</em></span> <span class='ocrx_word' id='word_1_34' title='bbox 477 652 658 701; x_wconf 84' lang='grc' dir='ltr'><em>δισσούς</em></span> <span class='ocrx_word' id='word_1_35' title='bbox 691 652 730 706; x_wconf 79' lang='grc' dir='ltr'><em>γ’</em></span> <span class='ocrx_word' id='word_1_36' title='bbox 761 651 963 707; x_wconf 77' lang='grc' dir='ltr'><em>ἀθρήσας</em></span> <span class='ocrx_word' id='word_1_37' title='bbox 995 652 1321 705; x_wconf 81' lang='grc' dir='ltr'><em>κάπιβαστάσας</em></span> <span class='ocrx_word' id='word_1_38' title='bbox 1353 660 1514 710; x_wconf 79' lang='grc' dir='ltr'><em>χεροῖν,</em></span> 
     </span>
     <span class='ocr_line' id='line_1_8' title="bbox 475 719 1827 779; baseline 0.002 -14"><span class='ocrx_word' id='word_1_39' title='bbox 475 724 520 765; x_wconf 77' lang='grc' dir='ltr'><em>οἳ</em></span> <span class='ocrx_word' id='word_1_40' title='bbox 550 724 710 777; x_wconf 88' lang='grc' dir='ltr'><em>σαρκὸς</em></span> <span class='ocrx_word' id='word_1_41' title='bbox 743 719 862 776; x_wconf 75' lang='grc' dir='ltr'><em>εἶχον</em></span> <span class='ocrx_word' id='word_1_42' title='bbox 895 723 1250 778; x_wconf 80' lang='grc' dir='ltr'><em>εὐτραφέστατον</em></span> <span class='ocrx_word' id='word_1_43' title='bbox 1282 724 1429 779; x_wconf 87' lang='grc' dir='ltr'><em>πάχος.</em></span> <span class='ocrx_word' id='word_1_44' title='bbox 1759 737 1827 768; x_wconf 82' lang='lat'><em>880</em></span> 
     </span>
     <span class='ocr_line' id='line_1_9' title="bbox 320 792 1469 850; baseline 0.002 -14"><span class='ocrx_word' id='word_1_45' title='bbox 320 797 410 836; x_wconf 77' lang='lat' dir='ltr'><em>XO.</em></span> <span class='ocrx_word' id='word_1_46' title='bbox 473 802 584 848; x_wconf 85' lang='grc' dir='ltr'><em>πῶς,</em></span> <span class='ocrx_word' id='word_1_47' title='bbox 616 792 649 836; x_wconf 81' lang='grc' dir='ltr'><em>ὦ</em></span> <span class='ocrx_word' id='word_1_48' title='bbox 682 794 937 849; x_wconf 73' lang='grc' dir='ltr'><em>ταλαίπωρ’,</em></span> <span class='ocrx_word' id='word_1_49' title='bbox 969 793 1043 850; x_wconf 78' lang='grc' dir='ltr'><em>ἦτε</em></span> <span class='ocrx_word' id='word_1_50' title='bbox 1075 795 1317 850; x_wconf 89' lang='grc' dir='ltr'><em>πάσχοντες</em></span> <span class='ocrx_word' id='word_1_51' title='bbox 1348 796 1469 847; x_wconf 82' lang='grc' dir='ltr'><em>τάδε;</em></span> 
     </span>
     <span class='ocr_line' id='line_1_10' title="bbox 328 864 1453 922; baseline 0.003 -16"><span class='ocrx_word' id='word_1_52' title='bbox 328 868 370 906; x_wconf 85' lang='lat' dir='ltr'><em>O.</em></span> <span class='ocrx_word' id='word_1_53' title='bbox 382 869 417 906; x_wconf 86' lang='lat' dir='ltr'><em>J.</em></span> <span class='ocrx_word' id='word_1_54' title='bbox 481 864 574 907; x_wconf 84' lang='grc' dir='ltr'><em>ἐπεὶ</em></span> <span class='ocrx_word' id='word_1_55' title='bbox 606 868 818 919; x_wconf 84' lang='grc' dir='ltr'><em>πετραίαν</em></span> <span class='ocrx_word' id='word_1_56' title='bbox 849 864 972 920; x_wconf 82' lang='grc' dir='ltr'><em>τήνδ’</em></span> <span class='ocrx_word' id='word_1_57' title='bbox 1011 866 1259 921; x_wconf 81' lang='grc' dir='ltr'><em>ἐσήλθομεν</em></span> <span class='ocrx_word' id='word_1_58' title='bbox 1290 868 1453 922; x_wconf 82' lang='grc' dir='ltr'><em>χθόνα,</em></span> 
     </span>
     <span class='ocr_line' id='line_1_11' title="bbox 474 936 1518 994; baseline 0.003 -16"><span class='ocrx_word' id='word_1_59' title='bbox 474 936 687 979; x_wconf 81' lang='grc' dir='ltr'><em>ἆνέκαυσε</em></span> <span class='ocrx_word' id='word_1_60' title='bbox 720 938 801 990; x_wconf 80' lang='grc' dir='ltr'><em>μὲν</em></span> <span class='ocrx_word' id='word_1_61' title='bbox 833 944 921 993; x_wconf 86' lang='grc' dir='ltr'><em>πῦρ</em></span> <span class='ocrx_word' id='word_1_62' title='bbox 953 946 1149 992; x_wconf 87' lang='grc' dir='ltr'><em>πρῶτον,</em></span> <span class='ocrx_word' id='word_1_63' title='bbox 1181 938 1352 994; x_wconf 80' lang='grc' dir='ltr'><strong><em>ὑψηλῆς</em></strong></span> <span class='ocrx_word' id='word_1_64' title='bbox 1384 939 1518 994; x_wconf 82' lang='grc' dir='ltr'><em>δρυὸς</em></span> 
     </span>
     <span class='ocr_line' id='line_1_12' title="bbox 472 1008 1417 1064; baseline 0.002 -14"><span class='ocrx_word' id='word_1_65' title='bbox 472 1010 662 1062; x_wconf 85' lang='grc' dir='ltr'><em>κορμοὺς</em></span> <span class='ocrx_word' id='word_1_66' title='bbox 695 1011 899 1060; x_wconf 77' lang='grc' dir='ltr'><em>πλατείας</em></span> <span class='ocrx_word' id='word_1_67' title='bbox 931 1008 1116 1064; x_wconf 77' lang='grc' dir='ltr'><em>ἐσχάρας</em></span> <span class='ocrx_word' id='word_1_68' title='bbox 1146 1010 1296 1063; x_wconf 83' lang='grc' dir='ltr'><em>βαλὼν</em></span> <span class='ocrx_word' id='word_1_69' title='bbox 1327 1008 1417 1064; x_wconf 79' lang='grc' dir='ltr'><em>ἔπι,</em></span> 
     </span>
     <span class='ocr_line' id='line_1_13' title="bbox 472 1080 1824 1135; baseline 0.002 -14"><span class='ocrx_word' id='word_1_70' title='bbox 472 1088 664 1133; x_wconf 81' lang='grc' dir='ltr'><em>τρισσῶν</em></span> <span class='ocrx_word' id='word_1_71' title='bbox 697 1080 871 1134; x_wconf 79' lang='grc' dir='ltr'><em>ἁμαξῶν</em></span> <span class='ocrx_word' id='word_1_72' title='bbox 904 1081 960 1130; x_wconf 87' lang='grc' dir='ltr'><em>ὡς</em></span> <span class='ocrx_word' id='word_1_73' title='bbox 993 1081 1216 1135; x_wconf 77' lang='grc' dir='ltr'><em>ἀγώγιμον</em></span> <span class='ocrx_word' id='word_1_74' title='bbox 1242 1081 1387 1135; x_wconf 83' lang='grc' dir='ltr'><em>βάρος.</em></span> <span class='ocrx_word' id='word_1_75' title='bbox 1757 1092 1824 1125; x_wconf 83' lang='grc'><em>385</em></span> 
     </span>
     <span class='ocr_line' id='line_1_14' title="bbox 472 1149 1350 1207; baseline 0.001 -15"><span class='ocrx_word' id='word_1_76' title='bbox 472 1149 619 1193; x_wconf 80' lang='grc' dir='ltr'><em>ἔπειτα</em></span> <span class='ocrx_word' id='word_1_77' title='bbox 652 1153 835 1206; x_wconf 79' lang='grc' dir='ltr'><em>φύλλων</em></span> <span class='ocrx_word' id='word_1_78' title='bbox 868 1151 1080 1194; x_wconf 82' lang='grc' dir='ltr'><em>ἐλατίνων</em></span> <span class='ocrx_word' id='word_1_79' title='bbox 1113 1159 1350 1207; x_wconf 79' lang='grc' dir='ltr'><em>χαμαιπετῆ</em></span> 
     </span>
     <span class='ocr_line' id='line_1_15' title="bbox 472 1221 1429 1278; baseline 0 -14"><span class='ocrx_word' id='word_1_80' title='bbox 472 1221 690 1277; x_wconf 80' lang='grc' dir='ltr'><em>ἔστρωσεν</em></span> <span class='ocrx_word' id='word_1_81' title='bbox 723 1225 860 1278; x_wconf 83' lang='grc' dir='ltr'><em>εὐνὴν</em></span> <span class='ocrx_word' id='word_1_82' title='bbox 891 1225 1080 1278; x_wconf 84' lang='grc' dir='ltr'><em>πλησίον</em></span> <span class='ocrx_word' id='word_1_83' title='bbox 1112 1224 1251 1277; x_wconf 89' lang='grc' dir='ltr'><em>πυρὸς</em></span> <span class='ocrx_word' id='word_1_84' title='bbox 1284 1224 1429 1278; x_wconf 88' lang='grc' dir='ltr'><em>φλογί.</em></span> 
     </span>
     <span class='ocr_line' id='line_1_16' title="bbox 470 1294 1419 1349; baseline 0 -13"><span class='ocrx_word' id='word_1_85' title='bbox 470 1302 663 1349; x_wconf 83' lang='grc' dir='ltr'><em>κρατῆρα</em></span> <span class='ocrx_word' id='word_1_86' title='bbox 696 1295 734 1335; x_wconf 76' lang='grc' dir='ltr'><em>δ’</em></span> <span class='ocrx_word' id='word_1_87' title='bbox 767 1294 1000 1349; x_wconf 74' lang='grc' dir='ltr'><em>ἐξέπλησεν</em></span> <span class='ocrx_word' id='word_1_88' title='bbox 1033 1295 1090 1344; x_wconf 88' lang='grc' dir='ltr'><em>ὡς</em></span> <span class='ocrx_word' id='word_1_89' title='bbox 1123 1294 1419 1349; x_wconf 76' lang='grc' dir='ltr'><em>δεκάμφορον,</em></span> 
     </span>
     <span class='ocr_line' id='line_1_17' title="bbox 469 1365 1424 1420; baseline 0 -13"><span class='ocrx_word' id='word_1_90' title='bbox 469 1367 661 1420; x_wconf 82' lang='grc' dir='ltr'><em>μόσχους</em></span> <span class='ocrx_word' id='word_1_91' title='bbox 693 1366 895 1419; x_wconf 81' lang='grc' dir='ltr'><em>άμέλξας,</em></span> <span class='ocrx_word' id='word_1_92' title='bbox 929 1366 1087 1407; x_wconf 90' lang='grc' dir='ltr'><em>λευκὸν</em></span> <span class='ocrx_word' id='word_1_93' title='bbox 1120 1365 1270 1420; x_wconf 85' lang='grc' dir='ltr'><em>ἐσχέας</em></span> <span class='ocrx_word' id='word_1_94' title='bbox 1301 1365 1424 1420; x_wconf 88' lang='grc' dir='ltr'><em>γάλα.</em></span> 
     </span>
     <span class='ocr_line' id='line_1_18' title="bbox 469 1433 1821 1492; baseline 0.002 -14"><span class='ocrx_word' id='word_1_95' title='bbox 469 1437 640 1492; x_wconf 82' lang='grc' dir='ltr'><em>σκύφος</em></span> <span class='ocrx_word' id='word_1_96' title='bbox 671 1453 715 1479; x_wconf 86' lang='grc' dir='ltr'><em>τε</em></span> <span class='ocrx_word' id='word_1_97' title='bbox 749 1444 903 1479; x_wconf 83' lang='grc' dir='ltr'><em>κισσοῦ</em></span> <span class='ocrx_word' id='word_1_98' title='bbox 937 1434 1144 1491; x_wconf 82' lang='grc' dir='ltr'><em>παρέθετ’</em></span> <span class='ocrx_word' id='word_1_99' title='bbox 1176 1438 1238 1486; x_wconf 87' lang='grc' dir='ltr'><em>εἰς</em></span> <span class='ocrx_word' id='word_1_100' title='bbox 1271 1433 1399 1492; x_wconf 78' lang='grc' dir='ltr'><em>εὖρος</em></span> <span class='ocrx_word' id='word_1_101' title='bbox 1430 1443 1564 1492; x_wconf 85' lang='grc' dir='ltr'><em>τριῶν</em></span> <span class='ocrx_word' id='word_1_102' title='bbox 1752 1449 1821 1481; x_wconf 89' lang='grc'><em>390</em></span> 
     </span>
     <span class='ocr_line' id='line_1_19' title="bbox 468 1507 1417 1564; baseline 0.001 -15"><span class='ocrx_word' id='word_1_103' title='bbox 468 1510 656 1563; x_wconf 86' lang='grc' dir='ltr'><em>πήχεων,</em></span> <span class='ocrx_word' id='word_1_104' title='bbox 688 1509 829 1562; x_wconf 80' lang='grc' dir='ltr'><em>βάθος</em></span> <span class='ocrx_word' id='word_1_105' title='bbox 862 1509 910 1550; x_wconf 83' lang='grc' dir='ltr'><em>δὲ</em></span> <span class='ocrx_word' id='word_1_106' title='bbox 943 1508 1168 1562; x_wconf 87' lang='grc' dir='ltr'><em>τεσσάρων</em></span> <span class='ocrx_word' id='word_1_107' title='bbox 1199 1507 1417 1564; x_wconf 83' lang='grc' dir='ltr'><em>ἐφαίνετο.</em></span> 
     </span>
     <span class='ocr_line' id='line_1_20' title="bbox 467 1579 1324 1635; baseline 0.001 -15"><span class='ocrx_word' id='word_1_108' title='bbox 467 1579 538 1621; x_wconf 84' lang='grc' dir='ltr'><em>καὶ</em></span> <span class='ocrx_word' id='word_1_109' title='bbox 570 1580 755 1634; x_wconf 85' lang='grc' dir='ltr'><em>χάλκεον</em></span> <span class='ocrx_word' id='word_1_110' title='bbox 788 1580 936 1634; x_wconf 79' lang='grc' dir='ltr'><em>λέβητ’</em></span> <span class='ocrx_word' id='word_1_111' title='bbox 966 1579 1165 1631; x_wconf 81' lang='grc' dir='ltr'><em>ἐπέζεσεν</em></span> <span class='ocrx_word' id='word_1_112' title='bbox 1196 1581 1324 1635; x_wconf 90' lang='grc' dir='ltr'><em>πυρί,</em></span> 
     </span>
     <span class='ocr_line' id='line_1_21' title="bbox 468 1650 1560 1706; baseline 0.001 -14"><span class='ocrx_word' id='word_1_113' title='bbox 468 1651 650 1704; x_wconf 87' lang='grc' dir='ltr'><em>ὀβελούς</em></span> <span class='ocrx_word' id='word_1_114' title='bbox 683 1652 720 1692; x_wconf 84' lang='grc' dir='ltr'><em>τ’</em></span> <span class='ocrx_word' id='word_1_115' title='bbox 750 1652 912 1705; x_wconf 76' lang='grc' dir='ltr'><em>ἄκρους</em></span> <span class='ocrx_word' id='word_1_116' title='bbox 943 1651 1023 1704; x_wconf 80' lang='grc' dir='ltr'><em>μὲν</em></span> <span class='ocrx_word' id='word_1_117' title='bbox 1056 1650 1401 1705; x_wconf 70' lang='grc' dir='ltr'><em>ε’γκεκαυμὲνους</em></span> <span class='ocrx_word' id='word_1_118' title='bbox 1433 1652 1560 1706; x_wconf 89' lang='grc' dir='ltr'><em>πυρί,</em></span> 
     </span>
     <span class='ocr_line' id='line_1_22' title="bbox 467 1721 1653 1779; baseline 0.002 -16"><span class='ocrx_word' id='word_1_119' title='bbox 467 1721 644 1772; x_wconf 81' lang='grc' dir='ltr'><em>ξεστοὺς</em></span> <span class='ocrx_word' id='word_1_120' title='bbox 677 1723 725 1764; x_wconf 82' lang='grc' dir='ltr'><em>δὲ</em></span> <span class='ocrx_word' id='word_1_121' title='bbox 758 1723 960 1779; x_wconf 79' lang='grc' dir='ltr'><em>δρεπάνῳ</em></span> <span class='ocrx_word' id='word_1_122' title='bbox 993 1723 1142 1777; x_wconf 77' lang='grc' dir='ltr'><em>τᾶλλα,</em></span> <span class='ocrx_word' id='word_1_123' title='bbox 1174 1723 1418 1778; x_wconf 88' lang='grc' dir='ltr'><em>παλιούρου</em></span> <span class='ocrx_word' id='word_1_124' title='bbox 1450 1722 1653 1777; x_wconf 83' lang='grc' dir='ltr'><em>κλάδους,</em></span> 
     </span>
     <span class='ocr_line' id='line_1_23' title="bbox 465 1792 1817 1848; baseline 0.001 -14"><span class='ocrx_word' id='word_1_125' title='bbox 465 1794 654 1835; x_wconf 88' lang='grc' dir='ltr'><em>Αἰτναῖά</em></span> <span class='ocrx_word' id='word_1_126' title='bbox 686 1810 731 1835; x_wconf 93' lang='grc' dir='ltr'><em>τε</em></span> <span class='ocrx_word' id='word_1_127' title='bbox 765 1801 953 1848; x_wconf 82' lang='grc' dir='ltr'><em>σφαγεῐα</em></span> <span class='ocrx_word' id='word_1_128' title='bbox 985 1792 1202 1836; x_wconf 84' lang='grc' dir='ltr'><em>πελέκεων</em></span> <span class='ocrx_word' id='word_1_129' title='bbox 1234 1793 1433 1848; x_wconf 85' lang='grc' dir='ltr'><em>γνάθοις.</em></span> <span class='ocrx_word' id='word_1_130' title='bbox 1749 1805 1817 1836; x_wconf 87' lang='lat'><em>395</em></span> 
     </span>
     <span class='ocr_line' id='line_1_24' title="bbox 466 1863 1398 1921; baseline 0 -15"><span class='ocrx_word' id='word_1_131' title='bbox 466 1864 523 1914; x_wconf 85' lang='grc' dir='ltr'><em>ὡς</em></span> <span class='ocrx_word' id='word_1_132' title='bbox 556 1865 597 1906; x_wconf 88' lang='grc' dir='ltr'><em>δ’</em></span> <span class='ocrx_word' id='word_1_133' title='bbox 626 1863 682 1919; x_wconf 76' lang='grc' dir='ltr'><em>ἦν</em></span> <span class='ocrx_word' id='word_1_134' title='bbox 715 1865 863 1918; x_wconf 82' lang='grc' dir='ltr'><em>ἕτοιμα</em></span> <span class='ocrx_word' id='word_1_135' title='bbox 895 1865 1037 1907; x_wconf 88' lang='grc' dir='ltr'><em>πάντα</em></span> <span class='ocrx_word' id='word_1_136' title='bbox 1068 1873 1127 1921; x_wconf 79' lang='grc' dir='ltr'><em>τῷ</em></span> <span class='ocrx_word' id='word_1_137' title='bbox 1159 1869 1398 1919; x_wconf 80' lang='grc' dir='ltr'><em>θεοστυγεῖ</em></span> 
     </span>
     <span class='ocr_line' id='line_1_25' title="bbox 455 1932 1412 1993; baseline 0 -16"><span class='ocrx_word' id='word_1_138' title='bbox 455 1932 608 1978; x_wconf 65' lang='grc' dir='ltr'><em>’Ἅιδου</em></span> <span class='ocrx_word' id='word_1_139' title='bbox 641 1938 853 1993; x_wconf 79' lang='grc' dir='ltr'><em>μαγείρῳ,</em></span> <span class='ocrx_word' id='word_1_140' title='bbox 886 1944 1003 1991; x_wconf 83' lang='grc' dir='ltr'><em>φῶτε</em></span> <span class='ocrx_word' id='word_1_141' title='bbox 1036 1936 1299 1990; x_wconf 81' lang='grc' dir='ltr'><em>συμμάρψας</em></span> <span class='ocrx_word' id='word_1_142' title='bbox 1330 1936 1412 1977; x_wconf 82' lang='grc' dir='ltr'><em>δύο</em></span> 
     </span>
     <span class='ocr_line' id='line_1_26' title="bbox 464 2004 1409 2063; baseline 0 -15"><span class='ocrx_word' id='word_1_143' title='bbox 464 2004 615 2061; x_wconf 79' lang='grc' dir='ltr'><em>ἔσφαξ’</em></span> <span class='ocrx_word' id='word_1_144' title='bbox 645 2006 830 2061; x_wconf 80' lang='grc' dir='ltr'><em>ἑταίρων</em></span> <span class='ocrx_word' id='word_1_145' title='bbox 862 2016 951 2050; x_wconf 86' lang='grc' dir='ltr'><em>τῶν</em></span> <span class='ocrx_word' id='word_1_146' title='bbox 983 2007 1098 2061; x_wconf 82' lang='grc' dir='ltr'><em>ἐμῶν</em></span> <span class='ocrx_word' id='word_1_147' title='bbox 1131 2008 1288 2063; x_wconf 81' lang='grc' dir='ltr'><em>ῥυθμῷ</em></span> <span class='ocrx_word' id='word_1_148' title='bbox 1321 2023 1409 2049; x_wconf 89' lang='grc' dir='ltr'><em>τινι</em></span> 
     </span>
     <span class='ocr_line' id='line_1_27' title="bbox 463 2078 1421 2133; baseline -0.001 -13"><span class='ocrx_word' id='word_1_149' title='bbox 463 2080 541 2120; x_wconf 88' lang='grc' dir='ltr'><em>τὸν</em></span> <span class='ocrx_word' id='word_1_150' title='bbox 572 2079 653 2132; x_wconf 78' lang='grc' dir='ltr'><em>μὲν</em></span> <span class='ocrx_word' id='word_1_151' title='bbox 686 2078 867 2133; x_wconf 82' lang='grc' dir='ltr'><em>λέβητος</em></span> <span class='ocrx_word' id='word_1_152' title='bbox 899 2078 942 2129; x_wconf 74' lang='grc' dir='ltr'><em>εἷς</em></span> <span class='ocrx_word' id='word_1_153' title='bbox 973 2081 1103 2129; x_wconf 86' lang='grc' dir='ltr'><em>κύτος</em></span> <span class='ocrx_word' id='word_1_154' title='bbox 1135 2081 1421 2133; x_wconf 86' lang='grc' dir='ltr'><em>χαλκήλατον,</em></span> 
     </span>
     <span class='ocr_line' id='line_1_28' title="bbox 464 2147 1815 2206; baseline 0.001 -15"><span class='ocrx_word' id='word_1_155' title='bbox 464 2151 542 2192; x_wconf 90' lang='grc' dir='ltr'><em>τὸν</em></span> <span class='ocrx_word' id='word_1_156' title='bbox 575 2149 616 2191; x_wconf 69' lang='grc' dir='ltr'><em>δ’</em></span> <span class='ocrx_word' id='word_1_157' title='bbox 649 2147 723 2204; x_wconf 82' lang='grc' dir='ltr'><em>αὖ,</em></span> <span class='ocrx_word' id='word_1_158' title='bbox 757 2149 961 2201; x_wconf 82' lang='grc' dir='ltr'><em>τένοντος</em></span> <span class='ocrx_word' id='word_1_159' title='bbox 993 2150 1191 2206; x_wconf 81' lang='grc' dir='ltr'><em>ἁρπάσας</em></span> <span class='ocrx_word' id='word_1_160' title='bbox 1223 2150 1360 2204; x_wconf 79' lang='grc' dir='ltr'><em>ἄκρου</em></span> <span class='ocrx_word' id='word_1_161' title='bbox 1386 2149 1542 2200; x_wconf 86' lang='grc' dir='ltr'><em>ποδός,</em></span> <span class='ocrx_word' id='word_1_162' title='bbox 1746 2161 1815 2192; x_wconf 88' lang='lat'><em>400</em></span> 
     </span>
     <span class='ocr_line' id='line_1_29' title="bbox 464 2222 1519 2277; baseline -0.001 -14"><span class='ocrx_word' id='word_1_163' title='bbox 464 2223 607 2263; x_wconf 86' lang='grc' dir='ltr'><em>παίων</em></span> <span class='ocrx_word' id='word_1_164' title='bbox 639 2223 748 2275; x_wconf 85' lang='grc' dir='ltr'><em>πρὸς</em></span> <span class='ocrx_word' id='word_1_165' title='bbox 781 2222 887 2272; x_wconf 81' lang='grc' dir='ltr'><em>ὀξὺν</em></span> <span class='ocrx_word' id='word_1_166' title='bbox 921 2224 1112 2277; x_wconf 88' lang='grc' dir='ltr'><em>στόνυχα</em></span> <span class='ocrx_word' id='word_1_167' title='bbox 1143 2222 1352 2276; x_wconf 88' lang='grc' dir='ltr'><em>πετραίου</em></span> <span class='ocrx_word' id='word_1_168' title='bbox 1386 2222 1519 2262; x_wconf 85' lang='grc' dir='ltr'><em>λίθου</em></span> 
     </span>
     <span class='ocr_line' id='line_1_30' title="bbox 460 2291 1364 2348; baseline 0 -14"><span class='ocrx_word' id='word_1_169' title='bbox 460 2291 705 2347; x_wconf 78' lang='grc' dir='ltr'><em>ἐγκέφαλον</em></span> <span class='ocrx_word' id='word_1_170' title='bbox 738 2292 940 2348; x_wconf 81' lang='grc' dir='ltr'><em>ἐξέρρανε</em></span> <span class='ocrx_word' id='word_1_171' title='bbox 972 2293 1044 2335; x_wconf 82' lang='grc' dir='ltr'><em>καὶ</em></span> <span class='ocrx_word' id='word_1_172' title='bbox 1075 2292 1364 2348; x_wconf 79' lang='grc' dir='ltr'><em>καθαρπάσας</em></span> 
     </span>
    </p>
   </div>
   <div class='ocr_carea' id='block_1_3' title="bbox 250 2375 532 2384">
    <p class='ocr_par' dir='ltr' id='par_1_3' title="bbox 250 2375 532 2384">
     <span class='ocr_line' id='line_1_31' title="bbox 250 2375 532 2384; baseline 0 0"><span class='ocrx_word' id='word_1_173' title='bbox 250 2375 532 2384; x_wconf 95' lang='lat' dir='ltr'><em> </em></span> 
     </span>
    </p>
   </div>
   <div class='ocr_carea' id='block_1_4' title="bbox 244 2436 1812 2965">
    <p class='ocr_par' dir='ltr' id='par_1_4' title="bbox 245 2436 1812 2804">
     <span class='ocr_line' id='line_1_32' title="bbox 308 2436 1811 2485; baseline -0.001 -12"><span class='ocrx_word' id='word_1_174' title='bbox 308 2443 374 2473; x_wconf 87' lang='grc'><em>376</em></span> <span class='ocrx_word' id='word_1_175' title='bbox 402 2439 485 2485; x_wconf 81' lang='grc' dir='ltr'><em>οὐκ]</em></span> <span class='ocrx_word' id='word_1_176' title='bbox 522 2438 731 2481; x_wconf 73' lang='lat' dir='ltr'>Kirchhoff,</span> <span class='ocrx_word' id='word_1_177' title='bbox 770 2439 854 2483; x_wconf 74' lang='lat'><em>01&#39;27&#39;</em></span> <span class='ocrx_word' id='word_1_178' title='bbox 890 2440 934 2482; x_wconf 91' lang='lat' dir='ltr'><em>L,</em></span> <span class='ocrx_word' id='word_1_179' title='bbox 971 2439 1057 2474; x_wconf 75' lang='grc' dir='ltr'><em>οὐδ’</em></span> <span class='ocrx_word' id='word_1_180' title='bbox 1092 2440 1127 2473; x_wconf 88' lang='lat' dir='ltr'><em>P</em></span> <span class='ocrx_word' id='word_1_181' title='bbox 1222 2442 1288 2473; x_wconf 83' lang='lat'><em>377</em></span> <span class='ocrx_word' id='word_1_182' title='bbox 1314 2436 1549 2484; x_wconf 76' lang='grc' dir='ltr'><em>τεθοίναται]</em></span> <span class='ocrx_word' id='word_1_183' title='bbox 1584 2438 1738 2481; x_wconf 81' lang='lat' dir='ltr'>Reiske,</span> <span class='ocrx_word' id='word_1_184' title='bbox 1772 2451 1811 2483; x_wconf 86' lang='grc' dir='ltr'><em>γε</em></span> 
     </span>
     <span class='ocr_line' id='line_1_33' title="bbox 247 2489 1812 2539; baseline 0 -13"><span class='ocrx_word' id='word_1_185' title='bbox 247 2495 426 2526; x_wconf 82' lang='grc' dir='ltr'><em>θοινᾶται</em></span> <span class='ocrx_word' id='word_1_186' title='bbox 463 2493 541 2527; x_wconf 87' lang='lat' dir='ltr'><em>LP</em></span> <span class='ocrx_word' id='word_1_187' title='bbox 635 2496 703 2526; x_wconf 85' lang='lat'><em>380</em></span> <span class='ocrx_word' id='word_1_188' title='bbox 729 2490 1041 2539; x_wconf 81' lang='grc' dir='ltr'><em>εὐτραφέστατον]</em></span> <span class='ocrx_word' id='word_1_189' title='bbox 1079 2492 1261 2536; x_wconf 76' lang='lat' dir='ltr'>Scaliger,</span> <span class='ocrx_word' id='word_1_190' title='bbox 1301 2489 1587 2536; x_wconf 78' lang='grc' dir='ltr'><em>ἐντρεφέστατον</em></span> <span class='ocrx_word' id='word_1_191' title='bbox 1622 2492 1714 2534; x_wconf 87' lang='lat' dir='ltr'><em>LP,</em></span> <span class='ocrx_word' id='word_1_192' title='bbox 1752 2491 1812 2526; x_wconf 83' lang='grc' dir='ltr'><em>εὐ·-</em></span> 
     </span>
     <span class='ocr_line' id='line_1_34' title="bbox 245 2543 1809 2591; baseline 0 -12"><span class='ocrx_word' id='word_1_193' title='bbox 245 2544 491 2589; x_wconf 84' lang='grc' dir='ltr'><em>τρεφέστατον</em></span> <span class='ocrx_word' id='word_1_194' title='bbox 513 2557 540 2590; x_wconf 81' lang='lat' dir='ltr'><em>p</em></span> <span class='ocrx_word' id='word_1_195' title='bbox 638 2549 703 2580; x_wconf 85' lang='lat'><em>381</em></span> <span class='ocrx_word' id='word_1_196' title='bbox 732 2543 816 2590; x_wconf 79' lang='grc' dir='ltr'><em>ἦστε</em></span> <span class='ocrx_word' id='word_1_197' title='bbox 843 2546 974 2579; x_wconf 82' lang='lat' dir='ltr'>Nauck</span> <span class='ocrx_word' id='word_1_198' title='bbox 1072 2549 1139 2580; x_wconf 80' lang='lat'><em>382</em></span> <span class='ocrx_word' id='word_1_199' title='bbox 1167 2543 1306 2591; x_wconf 79' lang='grc' dir='ltr'><em>χθόνα]</em></span> <span class='ocrx_word' id='word_1_200' title='bbox 1335 2543 1464 2590; x_wconf 81' lang='grc' dir='ltr'><em>στέγην</em></span> <span class='ocrx_word' id='word_1_201' title='bbox 1496 2545 1692 2589; x_wconf 79' lang='lat' dir='ltr'>Musgrave</span> <span class='ocrx_word' id='word_1_202' title='bbox 1712 2544 1809 2589; x_wconf 71' lang='lat' dir='ltr'>(forb.</span> 
     </span>
     <span class='ocr_line' id='line_1_35' title="bbox 246 2597 1810 2644; baseline 0 -12"><span class='ocrx_word' id='word_1_203' title='bbox 246 2604 422 2641; x_wconf 83' lang='grc' dir='ltr'><em>πετραῖον</em></span> <span class='ocrx_word' id='word_1_204' title='bbox 443 2626 450 2633; x_wconf 89' lang='grc'><strong>.</strong></span> <span class='ocrx_word' id='word_1_205' title='bbox 474 2627 479 2632; x_wconf 92' lang='grc'><strong>.</strong></span> <span class='ocrx_word' id='word_1_206' title='bbox 504 2627 508 2632; x_wconf 91' lang='grc'>.</span> <span class='ocrx_word' id='word_1_207' title='bbox 532 2597 674 2643; x_wconf 83' lang='grc' dir='ltr'><em>στέγην)</em></span> <span class='ocrx_word' id='word_1_208' title='bbox 750 2602 817 2633; x_wconf 82' lang='grc'><em>385</em></span> <span class='ocrx_word' id='word_1_209' title='bbox 845 2599 994 2643; x_wconf 77' lang='grc' dir='ltr'><em>ἁμαξῶν</em></span> <span class='ocrx_word' id='word_1_210' title='bbox 1020 2599 1099 2633; x_wconf 88' lang='lat' dir='ltr'><em>LP</em></span> <span class='ocrx_word' id='word_1_211' title='bbox 1171 2602 1235 2632; x_wconf 84' lang='lat'><em>387</em></span> <span class='ocrx_word' id='word_1_212' title='bbox 1265 2598 1457 2644; x_wconf 78' lang='grc' dir='ltr'><em>ἔστρωσεν]</em></span> <span class='ocrx_word' id='word_1_213' title='bbox 1478 2598 1641 2640; x_wconf 79' lang='lat' dir='ltr'>Pierson,</span> <span class='ocrx_word' id='word_1_214' title='bbox 1662 2597 1810 2641; x_wconf 77' lang='grc' dir='ltr'><em>ἔστησεν</em></span> 
     </span>
     <span class='ocr_line' id='line_1_36' title="bbox 246 2650 1805 2697; baseline -0.001 -11"><span class='ocrx_word' id='word_1_215' title='bbox 246 2653 318 2686; x_wconf 89' lang='lat' dir='ltr'><em>LP</em></span> <span class='ocrx_word' id='word_1_216' title='bbox 413 2655 480 2686; x_wconf 83' lang='lat'><em>389</em></span> <span class='ocrx_word' id='word_1_217' title='bbox 508 2650 636 2697; x_wconf 77' lang='grc' dir='ltr'><em>ἐγχέας</em></span> <span class='ocrx_word' id='word_1_218' title='bbox 671 2652 895 2686; x_wconf 84' lang='lat' dir='ltr'>Herwerdcn</span> <span class='ocrx_word' id='word_1_219' title='bbox 993 2655 1060 2686; x_wconf 84' lang='lat'><em>390</em></span> <span class='ocrx_word' id='word_1_220' title='bbox 1089 2652 1233 2696; x_wconf 80' lang='grc' dir='ltr'><em>σκύφον</em></span> <span class='ocrx_word' id='word_1_221' title='bbox 1270 2652 1446 2696; x_wconf 83' lang='lat' dir='ltr'>Blaydes,</span> <span class='ocrx_word' id='word_1_222' title='bbox 1482 2651 1546 2686; x_wconf 83' lang='lat' dir='ltr'>cfr.</span> <span class='ocrx_word' id='word_1_223' title='bbox 1582 2655 1666 2693; x_wconf 76' lang='lat'>256,</span> <span class='ocrx_word' id='word_1_224' title='bbox 1704 2654 1771 2685; x_wconf 83' lang='lat'><em>556</em></span> <span class='ocrx_word' id='word_1_225' title='bbox 1802 2651 1805 2697; x_wconf 64' lang='lat' dir='ltr'>j</span> 
     </span>
     <span class='ocr_line' id='line_1_37' title="bbox 245 2704 1809 2751; baseline -0.001 -12"><span class='ocrx_word' id='word_1_226' title='bbox 245 2718 281 2739; x_wconf 84' lang='grc' dir='ltr'><em>τε</em></span> <span class='ocrx_word' id='word_1_227' title='bbox 310 2706 353 2749; x_wconf 90' lang='lat' dir='ltr'><em>L,</em></span> <span class='ocrx_word' id='word_1_228' title='bbox 380 2705 420 2739; x_wconf 80' lang='grc' dir='ltr'><em>δὲ</em></span> <span class='ocrx_word' id='word_1_229' title='bbox 447 2707 483 2740; x_wconf 88' lang='lat' dir='ltr'><strong><em>P</em></strong></span> <span class='ocrx_word' id='word_1_230' title='bbox 578 2709 645 2740; x_wconf 83' lang='lat'><em>392</em></span> <span class='ocrx_word' id='word_1_231' title='bbox 672 2708 757 2750; x_wconf 71' lang='lat' dir='ltr'>post</span> <span class='ocrx_word' id='word_1_232' title='bbox 792 2708 860 2739; x_wconf 65' lang='lat'><em>385</em></span> <span class='ocrx_word' id='word_1_233' title='bbox 896 2705 1054 2740; x_wconf 67' lang='lat' dir='ltr'>collocab</span> <span class='ocrx_word' id='word_1_234' title='bbox 1090 2705 1205 2749; x_wconf 81' lang='lat' dir='ltr'>Palcy</span> <span class='ocrx_word' id='word_1_235' title='bbox 1302 2708 1370 2739; x_wconf 83' lang='grc'><em>394</em></span> <span class='ocrx_word' id='word_1_236' title='bbox 1395 2704 1523 2751; x_wconf 77' lang='grc' dir='ltr'><em>τᾶλλα]</em></span> <span class='ocrx_word' id='word_1_237' title='bbox 1552 2704 1734 2750; x_wconf 78' lang='lat' dir='ltr'>Scaliger,</span> <span class='ocrx_word' id='word_1_238' title='bbox 1770 2705 1809 2749; x_wconf 80' lang='grc' dir='ltr'><em>γ’</em></span> 
     </span>
     <span class='ocr_line' id='line_1_38' title="bbox 245 2757 1808 2804; baseline -0.001 -12"><span class='ocrx_word' id='word_1_239' title='bbox 245 2758 336 2792; x_wconf 80' lang='grc' dir='ltr'><em>ἀλλὰ</em></span> <span class='ocrx_word' id='word_1_240' title='bbox 362 2759 464 2802; x_wconf 77' lang='lat' dir='ltr'><em>LP1</em></span> <span class='ocrx_word' id='word_1_241' title='bbox 486 2758 661 2804; x_wconf 79' lang='grc' dir='ltr'><em>κλάδους]</em></span> <span class='ocrx_word' id='word_1_242' title='bbox 691 2757 892 2799; x_wconf 78' lang='lat' dir='ltr'>Kirchhoff,</span> <span class='ocrx_word' id='word_1_243' title='bbox 919 2757 1041 2804; x_wconf 81' lang='grc' dir='ltr'><em>κλάδῳ</em></span> <span class='ocrx_word' id='word_1_244' title='bbox 1069 2760 1148 2793; x_wconf 89' lang='lat' dir='ltr'><em>LP</em></span> <span class='ocrx_word' id='word_1_245' title='bbox 1217 2761 1284 2792; x_wconf 82' lang='lat'><em>395</em></span> <span class='ocrx_word' id='word_1_246' title='bbox 1311 2758 1486 2804; x_wconf 86' lang='grc' dir='ltr'><em>Αἰτναῖα]</em></span> <span class='ocrx_word' id='word_1_247' title='bbox 1515 2757 1653 2792; x_wconf 82' lang='grc' dir='ltr'><em>δινωτά</em></span> <span class='ocrx_word' id='word_1_248' title='bbox 1673 2757 1808 2792; x_wconf 83' lang='lat' dir='ltr'>Reiske</span> 
     </span>
    </p>

    <p class='ocr_par' dir='ltr' id='par_1_5' title="bbox 244 2809 1806 2965">
     <span class='ocr_line' id='line_1_39' title="bbox 305 2809 1717 2858; baseline 0.001 -14"><span class='ocrx_word' id='word_1_249' title='bbox 305 2815 370 2845; x_wconf 79' lang='lat'><em>397</em></span> <span class='ocrx_word' id='word_1_250' title='bbox 390 2809 532 2858; x_wconf 69' lang='grc' dir='ltr'><em>Ἅιδου]</em></span> <span class='ocrx_word' id='word_1_251' title='bbox 561 2812 604 2845; x_wconf 91' lang='lat' dir='ltr'><em>H.</em></span> <span class='ocrx_word' id='word_1_252' title='bbox 627 2811 848 2855; x_wconf 71' lang='lat' dir='ltr'>Stephanus,</span> <span class='ocrx_word' id='word_1_253' title='bbox 877 2810 984 2846; x_wconf 83' lang='grc' dir='ltr'><em>δίδου</em></span> <span class='ocrx_word' id='word_1_254' title='bbox 1011 2813 1112 2855; x_wconf 72' lang='lat' dir='ltr'><em>LP1</em></span> <span class='ocrx_word' id='word_1_255' title='bbox 1137 2811 1211 2846; x_wconf 82' lang='grc' dir='ltr'><em>δύω</em></span> <span class='ocrx_word' id='word_1_256' title='bbox 1238 2812 1324 2854; x_wconf 88' lang='lat' dir='ltr'><em>LP,</em></span> <span class='ocrx_word' id='word_1_257' title='bbox 1352 2811 1418 2846; x_wconf 78' lang='grc' dir='ltr'><em>δύο</em></span> <span class='ocrx_word' id='word_1_258' title='bbox 1446 2822 1573 2856; x_wconf 85' lang='lat' dir='ltr'>apogr.</span> <span class='ocrx_word' id='word_1_259' title='bbox 1600 2811 1717 2846; x_wconf 79' lang='lat' dir='ltr'>Paris.</span> 
     </span>
     <span class='ocr_line' id='line_1_40' title="bbox 245 2862 1806 2910; baseline 0.001 -13"><span class='ocrx_word' id='word_1_260' title='bbox 245 2867 311 2897; x_wconf 81' lang='lat'><em>399</em></span> <span class='ocrx_word' id='word_1_261' title='bbox 349 2865 478 2905; x_wconf 83' lang='grc' dir='ltr'><em>σκύτος</em></span> <span class='ocrx_word' id='word_1_262' title='bbox 516 2866 602 2908; x_wconf 90' lang='lat' dir='ltr'><em>LP,</em></span> <span class='ocrx_word' id='word_1_263' title='bbox 637 2865 746 2905; x_wconf 78' lang='grc' dir='ltr'><em>κύτος</em></span> <span class='ocrx_word' id='word_1_264' title='bbox 780 2865 818 2899; x_wconf 85' lang='lat' dir='ltr'><em>in</em></span> <span class='ocrx_word' id='word_1_265' title='bbox 858 2876 985 2910; x_wconf 80' lang='lat' dir='ltr'>apogr.</span> <span class='ocrx_word' id='word_1_266' title='bbox 1025 2865 1140 2899; x_wconf 82' lang='lat' dir='ltr'>Paris.</span> <span class='ocrx_word' id='word_1_267' title='bbox 1238 2869 1305 2899; x_wconf 85' lang='lat'><em>401</em></span> <span class='ocrx_word' id='word_1_268' title='bbox 1333 2862 1508 2910; x_wconf 83' lang='grc' dir='ltr'><em>στόνυχα]</em></span> <span class='ocrx_word' id='word_1_269' title='bbox 1549 2863 1732 2908; x_wconf 81' lang='lat' dir='ltr'>Scaliger,</span> <span class='ocrx_word' id='word_1_270' title='bbox 1767 2863 1806 2908; x_wconf 77' lang='grc' dir='ltr'><em>γ’</em></span> 
     </span>
     <span class='ocr_line' id='line_1_41' title="bbox 244 2916 1735 2965; baseline 0 -14"><span class='ocrx_word' id='word_1_271' title='bbox 244 2916 361 2961; x_wconf 79' lang='grc' dir='ltr'><em>ὄνυχα</em></span> <span class='ocrx_word' id='word_1_272' title='bbox 386 2919 459 2952; x_wconf 87' lang='lat' dir='ltr'><em>LP</em></span> <span class='ocrx_word' id='word_1_273' title='bbox 552 2921 621 2952; x_wconf 83' lang='lat'><em>402</em></span> <span class='ocrx_word' id='word_1_274' title='bbox 649 2916 798 2961; x_wconf 72' lang='grc' dir='ltr'><em>ἐξέρανε</em></span> <span class='ocrx_word' id='word_1_275' title='bbox 824 2920 867 2961; x_wconf 89' lang='lat' dir='ltr'><em>P,</em></span> <span class='ocrx_word' id='word_1_276' title='bbox 895 2929 984 2953; x_wconf 87' lang='lat' dir='ltr'>corr.</span> <span class='ocrx_word' id='word_1_277' title='bbox 1008 2930 1036 2962; x_wconf 73' lang='lat' dir='ltr'><em>p</em></span> <span class='ocrx_word' id='word_1_278' title='bbox 1058 2917 1063 2965; x_wconf 84' lang='grc'>1</span> <span class='ocrx_word' id='word_1_279' title='bbox 1086 2917 1353 2963; x_wconf 76' lang='grc' dir='ltr'><em>καθαρπάσας]</em></span> <span class='ocrx_word' id='word_1_280' title='bbox 1381 2919 1593 2962; x_wconf 83' lang='grc' dir='ltr'><em>διαρταμῶν</em></span> <span class='ocrx_word' id='word_1_281' title='bbox 1619 2916 1735 2960; x_wconf 83' lang='lat' dir='ltr'>Paley</span> 
     </span>
    </p>
   </div>
  </div>
 </body>
</html>
