1929 3208
785 131 1037 167 ΗΛΕΚΤΡΑῚ
1608 131 1660 170 19

319 248 465 284 σκοπῶ
497 241 549 282 τὰ
580 238 774 296 χρήμαθ’
811 241 870 290 ὡς
901 241 987 295 ἔχει
1020 239 1129 294 μέγα
1161 237 1336 290 σθένος,

320 310 461 362 ξένοις
492 327 537 353 τε
569 312 726 353 δοῦναι
760 310 883 366 σῶμά
913 309 952 352 τ’
989 309 1033 360 ές
1063 311 1201 352 νόσον
1232 309 1368 351 πεσὸν

320 382 558 424 δαπάναισι
590 389 747 425 σῶσαι·
778 387 854 436 τῆς
885 379 924 423 δ’
961 379 1034 436 ἐφ’
1067 380 1236 436 ἡμέραν
1268 382 1403 434 βορᾶς

319 453 380 503 εἰς
412 454 597 508 σμικρὸν
631 453 739 507 ἥκει·
800 458 883 502 πᾶς
912 452 996 507 γὰρ
1029 449 1295 507 ἐμπλησθεὶς
1326 450 1437 506 ἀνὴρ
1594 462 1662 491 430

323 523 345 565 ὁ
377 525 587 574 πλούσιός
617 539 662 566 τε
694 523 755 578 χὼ
787 523 920 577 πένης
952 526 1050 564 ἴσον
1082 522 1218 577 φέρει.

168 644 256 684 ΧΟ.
318 640 485 684 κλειναὶ
516 648 631 695 νᾶες,
664 642 714 683 αἵ
739 637 835 683 ποτ’
873 643 1030 695 ἔμβατε
1066 641 1230 692 Τροίαν
1441 640 1602 694 stroph.

318 719 410 762 τοῖς
441 712 695 767 ἀμετρήτοις
726 712 921 766 ἐρετμοῖς

318 781 565 837 πέμπουσαι
597 784 757 837 χοροὺς
789 782 894 837 μετὰ
927 779 1165 837 Νηρῄδων,

319 852 376 895 ἵν’
414 854 437 896 ὁ
469 856 683 908 φίλαυλος
714 854 871 894 ἔπαλλε
905 853 1000 894 δελ-
1593 862 1662 892 435

319 922 395 979 φὶς
424 921 621 982 πρῴραις
651 924 970 977 κυανεμβόλοις

318 995 633 1050 εἱλισσόμενος,

318 1067 588 1122 πορεύουσαι
619 1067 697 1108 τὸν
729 1064 910 1115 Θέτιδος

319 1144 493 1192 κοῦφον
524 1137 639 1192 ἅλμα
669 1137 823 1179 ποδῶν
850 1135 996 1191 Ἀχιλῆ

320 1210 405 1250 σὺν
431 1206 721 1263 Ἀγαμέμνονι
758 1209 928 1261 Τρωίας
1595 1218 1664 1247 440

320 1278 389 1321 ἐπὶ
422 1279 722 1334 Σιμουντίδας
753 1278 894 1328 ἀκτάς.

320 1397 524 1452 Νηρῇδες
556 1396 596 1439 δ’
632 1397 856 1452 Εὐβοῖδας
887 1396 1018 1446 ἀκτὰς
1049 1399 1255 1438 λιποῦσαι
1440 1397 1605 1438 antistr.

315 1465 562 1522 ἹΙφαίστου
593 1467 794 1524 χρυσέων
826 1467 1032 1522 ἀκμόνων

321 1540 520 1594 μόχθους
552 1539 762 1589 ἀσπιστὰς
794 1541 956 1593 ἔφερον
986 1537 1190 1593 τευχέων,

322 1609 406 1651 ἀνά
436 1625 482 1652 τε
516 1611 687 1664 Πήλιον
719 1610 803 1652 ἀνά
833 1625 879 1652 τε
910 1624 1018 1665 πρυ-
1597 1621 1665 1650 445

322 1681 434 1735 μνὰς
453 1679 613 1731 ’Όσσας
645 1681 763 1737 ίεράς
793 1681 951 1735 νάπας,

321 1753 561 1807 Νυμφαίας
592 1752 789 1806 σκοπιάς,

320 1823 454 1878 κόρας
484 1821 682 1878 μάτευσ’,
714 1825 827 1865 ἔνθα
857 1823 999 1878 πατὴρ

322 1893 504 1944 ἱππότας
533 1893 694 1950 τρέφεν
719 1891 896 1936 Ἑλλάδι
928 1901 1022 1949 φῶς

238 2077 306 2108 427
334 2073 500 2119 χρήματα
515 2074 560 2117 L,
586 2072 751 2119 χρήμαθ’
776 2074 799 2118 Ζ,
825 2072 979 2120 χρήματ’
1000 2074 1033 2108 G
1100 2078 1169 2109 428
1186 2072 1320 2121 ξένοις]
1341 2073 1463 2120 φίλοις
1484 2075 1666 2111 Stobaeus

146 2129 184 2162 et
208 2127 305 2162 Plut.
324 2127 414 2162 Mor.
432 2139 466 2172 p.
486 2131 529 2161 33
542 2126 578 2162 C.
629 2127 698 2162 cfr.
726 2126 796 2162 Dio
823 2127 948 2172 Chrys.
977 2131 1008 2171 7,
1034 2131 1053 2170 ξ
1081 2131 1124 2162 92
1147 2129 1152 2173 Ι
1184 2126 1316 2168 νόσους
1349 2128 1572 2164 Plutarchus

147 2184 215 2215 429
242 2179 428 2225 ἐφημέρου
454 2180 636 2215 Stobaeus
740 2184 810 2215 430
835 2181 966 2225 μικρὸν
994 2181 1028 2216 G
1068 2182 1072 2226 Ι
1118 2182 1181 2216 καὶ
1207 2182 1360 2226 σμικρὸν
1386 2181 1492 2226 ἀρκεῖ
1515 2183 1666 2228 Kayser.

146 2233 216 2269 Cfr.
243 2233 313 2269 Dio
339 2233 464 2278 Chrys.
562 2237 628 2268 431
656 2246 693 2268 τε
719 2233 912 2279 Stobaeus,
939 2246 978 2280 γε
1005 2236 1092 2279 (non
1117 2236 1168 2279 τε)
1194 2235 1274 2270 LG-
1297 2236 1302 2282 Ι
1324 2236 1386 2270 καὶ
1413 2235 1432 2270 ὁ
1455 2237 1501 2280 L,
1527 2235 1577 2282 χῶ
1602 2237 1668 2279 lG,

145 2288 208 2322 καὶ
235 2286 417 2322 Stobaeus
499 2290 567 2321 432
595 2286 699 2333 ἔβατε
724 2288 815 2322 mut.
842 2287 880 2321 in
906 2287 1038 2333 ἔμβατε
1063 2288 1109 2331 L,
1136 2287 1241 2334 ἔβατε
1270 2288 1304 2323 G
1384 2292 1455 2323 434
1481 2289 1668 2335 νηρηῖὃων

145 2339 224 2374 LG
319 2343 388 2374 435
414 2341 504 2384 φιλα
527 2368 680 2374 ......
709 2340 754 2383 L,
781 2339 958 2384 φίλαυλος
984 2341 1012 2383 l,
1039 2339 1266 2384 φιλάδελφος
1294 2341 1337 2376 G.
1389 2341 1458 2377 Cfr.
1480 2341 1666 2386 Aristoph.

146 2392 236 2427 Rau.
266 2396 356 2427 1317
472 2397 540 2427 436
566 2391 872 2439 κυανεμβόλοισιν
897 2394 987 2437 LG,
1013 2392 1277 2440 κυανεμβόλοις
1303 2395 1314 2428 Ζ
1421 2398 1489 2429 437
1517 2395 1667 2430 εἱλισσό-

147 2457 256 2490 μενος
280 2446 369 2490 LG,
396 2444 672 2490 εἶειλισσόμενος
699 2447 719 2481 l.
771 2446 843 2481 Cfr.
870 2446 1058 2492 Aristoph.
1085 2447 1176 2482 Ran.
1206 2450 1297 2481 1314
1393 2451 1461 2482 438
1487 2448 1667 2492 πορεύου-

147 2510 208 2532 σαι
233 2499 313 2545 τὸν]
339 2498 469 2543 scripsi
495 2501 574 2543 (τᾶς
597 2499 734 2534 delevit
752 2500 919 2545 Burges)‚
943 2499 1111 2543 πορεύων
1130 2499 1196 2535 τὸν
1214 2505 1281 2540 τᾶς
1299 2500 1377 2535 LG
1449 2503 1518 2534 439
1534 2499 1666 2547 Ἀχιλῆ]

145 2551 281 2594 Heath‚
307 2550 434 2596 ἀχιλλῆ
460 2552 538 2586 LG
610 2556 679 2586 440
709 2551 867 2599 Τρωίας]
894 2552 1046 2596 Seidler‚
1072 2551 1199 2597 τροίας
1217 2553 1295 2588 LG
1368 2557 1436 2587 442
1464 2553 1667 2599 ΕὐβοῖδαςΙ

148 2603 301 2648 Seidler,
328 2603 503 2649 εὐβοΐδας
527 2605 604 2640 LG
636 2606 640 2651 Ι
671 2604 788 2649 ἄκροις
813 2605 928 2641 Orelli
1046 2610 1116 2640 443
1131 2618 1184 2650 sq.
1210 2604 1384 2651 χρυσέους
1409 2605 1518 2641 Weil.
1568 2606 1666 2641 Fort.

147 2656 312 2702 μόχθους
347 2655 520 2701 ἀκμόνων
557 2657 734 2697 ἀσπιστὰς
764 2657 926 2703 χρυσέων
1055 2663 1123 2693 445
1162 2658 1324 2702 πρϊμνὰς
1357 2659 1408 2702 G,
1446 2658 1616 2703 πρυμνὰς
1646 2672 1668 2704 y

147 2710 229 2744 fort.
257 2710 305 2745 ἄν
330 2722 366 2744 τε
392 2709 561 2754 πρυμνὰς
680 2715 748 2745 446
784 2711 885 2755 ἱερᾶς
908 2712 1098 2746 Hermann
1217 2715 1285 2746 447
1320 2713 1488 2755 Νυμφᾶν
1514 2710 1666 2747 Seidler.

148 2763 218 2798 Cfr.
245 2762 325 2798 Hel.
356 2767 445 2797 1324
540 2766 609 2797 448
635 2762 749 2807 κόρας
771 2763 938 2811 μάτευσ’]
966 2762 1188 2809 ματεύουσαί
1208 2762 1271 2808 σφ’
1295 2763 1520 2799 Herwerden
1541 2763 1668 2810 (κόρας

148 2815 286 2851 delevit
310 2816 438 2861 Paley)
540 2820 608 2851 449
635 2815 793 2857 ἱππότας
831 2817 980 2862 ἔτρεφεν
1008 2818 1041 2852 G
1076 2818 1113 2852 et
1150 2816 1229 2851 sine
1264 2816 1378 2851 dubio
1414 2819 1501 2852 ante
1524 2829 1594 2853 raS.
1622 2819 1668 2864 L,

148 2867 306 2909 ἱππότας
331 2868 463 2914 τρέφεν
490 2870 502 2904 l

1339 2930 1385 2964 222<
