1929 3208
380 826 636 876 ’Υπόθεσις
662 826 957 880 Ἀλκήστιόος
989 827 1286 883 Δικαιάρχου.

110 931 337 974 Ἀπόλλων
386 933 576 991 ᾐτήσατο
627 934 744 987 παρὰ
793 941 881 974 τῶν
931 937 1120 987 Μοιρῶν
1169 932 1286 984 ὅπως
1336 935 1358 976 ὁ
1404 934 1619 990 ’Ἀδμητος

56 1006 264 1045 τελευτᾶν
304 1003 475 1057 μέλλων
516 1004 715 1062 παράσχῃ
756 1005 834 1046 τὸν
874 1004 985 1059 ὑπὲρ
1027 1004 1186 1047 ἑαυτοῦ
1225 1004 1380 1047 ἑκόντα
1411 1010 1620 1061 τεθνηξό-

55 1089 204 1128 μενον,
239 1075 311 1116 ἴνα
345 1075 442 1116 ἴσον
475 1082 534 1132 τῷ
565 1075 762 1131 προτέρῳ
794 1077 957 1130 χρόνον
990 1077 1093 1134 ζήσῃ
1155 1076 1227 1118 καὶ
1259 1077 1352 1132 [δὴ]
1375 1075 1619 1133 ’Ἀλκηστις,

55 1145 79 1198 ἡ
114 1147 226 1200 γυνὴ
271 1146 367 1200 [τοῦ
395 1145 650 1200 Ἀδμήτου],
691 1145 910 1188 ἐπέδωκεν
941 1146 1115 1201 ἑαυτήν,
1146 1147 1387 1202 μηδετέρου
1427 1157 1514 1191 τῶν
1546 1167 1618 1204 γο-

55 1216 169 1258 νέων
200 1215 497 1270 ἐθελήσαντος
527 1217 639 1272 ὑπὲρ
672 1224 750 1259 τοῦ
782 1218 939 1267 παιδὸς
971 1218 1228 1261 ἀποθανεῖν.
1291 1220 1382 1272 μετ’
1415 1221 1467 1262 οὐ
1503 1225 1616 1263 πολὺ

56 1288 104 1329 δὲ
144 1295 219 1342 τῆς
260 1294 491 1342 συμφορᾶς
532 1289 690 1342 ταύτης
731 1288 969 1343 γενομένης
1004 1288 1222 1343 Ἡρακλῆς
1263 1294 1618 1345 παραγενόμενος

54 1359 125 1400 καὶ
168 1360 328 1411 μαθὼν
371 1358 488 1413 παρα
531 1375 650 1409 τινος
694 1360 970 1413 θεράποντος
1012 1362 1065 1402 τὰ
1108 1361 1208 1415 περὶ
1258 1363 1338 1416 τὴν
1381 1361 1617 1417 ’Ἁλκηστιν

54 1428 278 1484 ἐπορεύθη
311 1429 383 1471 ἐπὶ
415 1431 492 1472 τὸν
524 1431 667 1484 τάφον
698 1431 768 1472 καὶ
801 1432 879 1473 τὸν
914 1431 1116 1473 Θάνατον
1148 1432 1391 1487 ἀποστῆναι
1430 1437 1616 1488 ποιήσας

54 1500 210 1554 ἐσθῆτι
244 1502 452 1543 καλύπτει
484 1503 563 1556 τὴν
596 1509 797 1556 γυναῖκα,
829 1503 907 1544 τὸν
939 1503 988 1544 δὲ
1008 1501 1229 1557 ’Ἀδμητον
1265 1503 1389 1558 ἠξίου
1423 1507 1615 1558 λαβόντα

54 1579 214 1626 τηρεῖν.
277 1573 348 1614 καὶ
381 1573 607 1628 εἰληφέναι
641 1573 778 1628 αὐτὴν
810 1574 949 1628 πάλης
981 1571 1124 1616 ἆθλον
1165 1573 1295 1628 ἔλεγε.
1357 1578 1414 1630 μὴ
1456 1579 1614 1629 βουλο-

53 1643 188 1696 μένου
221 1644 269 1686 δὲ
301 1643 472 1686 ἐκείνου
506 1645 790 1695 ἀποκαλύψας
822 1643 985 1695 ἔδειξεν
1016 1646 1071 1699 ἣν
1103 1645 1293 1688 ἐπένθει.

249 1783 690 1841 <Ἀριστοφάνους
722 1794 1079 1841 γραμματικοῦ
1113 1787 1411 1847 ὑπόθεσις.)

104 1881 347 1934 Ἄλκηστις,
387 1881 412 1934 ἡ
456 1882 623 1923 Πελίου
664 1881 882 1935 θυγάτηρ,
922 1881 1196 1935 ὑπομείνασα
1235 1883 1346 1936 ὑπὲρ
1384 1890 1463 1925 τοῦ
1497 1885 1612 1926 ἰδίου

52 1950 214 2004 ἀνδρὸς
246 1955 519 2006 τελευτῆσαι,
554 1951 823 2005 “Ηρακλέους
854 1951 1203 2007 ἐπιδημήσαντος
1234 1953 1283 1995 ἐν
1314 1961 1365 2009 τῇ
1401 1957 1614 2011 Θετταλίᾳ

52 2020 324 2078 διασῴζεται,
365 2023 633 2076 βιασαμένου
675 2026 778 2073 τοὺς
810 2025 1023 2078 χθονίους
1054 2027 1190 2074 θεοὺς
1222 2026 1294 2066 καὶ
1335 2023 1612 2080 ἀφελομένου

112 2151 189 2185 Lin.
221 2156 236 2184 1
266 2152 500 2199 Δικαιάρχου
527 2153 575 2195 L]
603 2163 671 2186 om.
700 2164 716 2186 r
838 2157 857 2185 2
886 2155 1145 2197 trgumentum
1172 2154 1274 2197 prius
1300 2157 1336 2188 et
1363 2154 1514 2188 astemus
1541 2155 1613 2188 ini-

51 2199 146 2232 tium
172 2192 319 2233 illatuxn
346 2199 497 2234 scholiis
524 2200 561 2233 in
589 2199 729 2234 Platon.
759 2201 804 2243 ὃ)
810 2211 924 2243 mpos
952 2212 986 2244 p
1018 2204 1082 2234 179
1110 2203 1157 2244 (p.
1186 2206 1253 2235 312
1281 2202 1333 2235 ed
1362 2201 1549 2245 Duebner)
1576 2204 1612 2236 et

53 2246 281 2289 descriptum
309 2246 354 2280 ab
382 2246 549 2281 Eudocia
577 2258 608 2290 p.
633 2251 687 2281 21.
739 2248 977 2282 consent-iuni:
1003 2247 1114 2282 schol.
1143 2248 1235 2282 Plat.
1264 2251 1301 2283 et
1326 2249 1493 2284 Eudoeia
1528 2261 1609 2283 cum

52 2294 87 2327 B
113 2304 186 2327 uno
214 2293 293 2327 loco
321 2294 397 2338 (lin.
421 2297 454 2338 7)
481 2296 634 2338 excepsso
658 2298 662 2338 Ι
686 2293 704 2329 ὃ
726 2306 796 2329 om.
818 2295 845 2329 S
940 2301 959 2329 3
986 2296 1049 2330 τὸν
1075 2296 1166 2338 ὑπὲρ
1193 2295 1327 2331 ἑαυτοῦ
1353 2295 1501 2341 ἑκόντα]
1527 2297 1611 2332 τινὰ

50 2338 113 2375 τὸν
139 2340 231 2383 ὑπὲρ
257 2342 374 2376 αὐτοῦ
400 2341 428 2376 S
459 2344 464 2386 Ι
500 2341 785 2401 τεθνηξόμενον]
813 2342 1022 2377 ἀποθαιεῖν
1048 2355 1071 2377 α
1192 2348 1213 2377 4
1240 2342 1319 2379 ἴσον
1352 2345 1419 2378 Βα
1453 2348 1457 2387 Ι
1491 2343 1609 2389 χρόνῳ

51 2388 108 2422 Sa
141 2391 146 2430 Ι
180 2387 226 2431 δὴ
253 2399 323 2422 om.
350 2390 378 2424 S
474 2395 493 2423 5
520 2396 584 2424 τοῦ
623 2388 800 2433 Ἀδμήτου
835 2400 905 2424 om.
932 2391 960 2425 S
991 2392 995 2434 1
1030 2390 1231 2434 μηδετέρου
1257 2392 1297 2435 S]
1325 2391 1520 2434 οὐδετέρου
1545 2404 1564 2426 ν

52 2439 71 2468 6
99 2434 347 2479 ἐθελήσαντος
374 2437 413 2480 S]
439 2437 666 2481 θελήσαντος
691 2449 711 2472 r
808 2441 826 2470 7
854 2438 992 2481 ταύτης
1012 2443 1076 2482 τῆς
1098 2444 1290 2483 συμφορᾶς
1316 2439 1382 2472 Ba
1405 2441 1409 2482 1
1426 2436 1611 2484 Ηρακλῆς

50 2482 380 2526 παραγενόμενος
375 2484 428 2518 Sa
466 2495 548 2518 cum
586 2483 697 2519 schol
726 2484 817 2518 Plat.
845 2486 882 2518 et
908 2485 1087 2530 Eudocia]
1115 2496 1183 2520 om.
1212 2486 1260 2526 Β
1293 2486 1355 2529 qui
1383 2489 1403 2520 8
1429 2488 1513 2530 post
1539 2485 1609 2519 ’‘12-

51 2540 177 2572 κηστιν
215 2530 344 2564 inserit
383 2531 545 2577 ἐντυχὼν
583 2531 601 2566 ὁ
642 2531 802 2576 ἡρακλῆς
924 2533 1030 2566 ξὶκαὶ
1061 2533 1140 2576 τὸν]
1166 2534 1229 2567 καὶ
1256 2533 1292 2567 Β
1415 2538 1454 2566 11
1494 2532 1610 2575 αίτὴν

51 2582 176 2620 τηρειν
203 2577 270 2611 Βα
300 2580 304 2621 1
340 2578 402 2612 καὶ
429 2579 478 2624 L]
507 2590 575 2613 om.
604 2592 622 2613 r
656 2582 660 2622 Ι
696 2578 886 2624 εἰληφέναι
912 2579 979 2623 ’,ἀρ
1008 2580 1071 2614 Ba
1105 2596 1108 2624 1
1141 2581 1259 2624 ε’λε,εν
1286 2581 1347 2614 Pa
1447 2584 1489 2613 12
1517 2581 1608 2614 ἁπο-

50 2624 222 2667 καλύψας
260 2624 300 2670 S]
339 2635 408 2659 om.
448 2626 515 2660 Ba
638 2630 679 2660 13
719 2637 788 2660 om.
828 2626 924 2660 libri.
989 2627 1103 2667 ἄλλως
1138 2628 1342 2671 praefixum
1369 2627 1468 2670 apud
1495 2627 1607 2660 schol.

50 2671 225 2706 Platonis.
279 2671 538 2716 Aristophanis
573 2674 807 2718 grammatici
843 2673 998 2708 alterum
1035 2676 1293 2718 argumentum
1333 2684 1410 2707 esse
1450 2674 1608 2708 coniecit

51 2718 329 2753 Wuestemann.
365 2719 432 2753 hoc
459 2730 529 2754 om.
557 2702 598 2759 So,
625 2720 697 2754 nisi
724 2721 823 2764 quod
850 2721 941 2755 haec
968 2721 1082 2756 habet
1108 2723 1157 2755 Ρ;
1186 2721 1358 2764 ἄλκηστις
1384 2720 1511 2756 πελὶου
1537 2723 1606 2755 θι-

51 2765 165 2810 qoivnp
191 2764 425 2811 ὑπομείνασα
445 2768 510 2802 τὸν
530 2768 620 2809 ὑπὲρ
640 2774 704 2802 τοῦ
725 2767 826 2803 ἰδιου
846 2769 980 2812 ἀνδρὸς
1000 2768 1169 2804 θάνατον
1193 2768 1315 2811 ἐσώθη
1343 2768 1607 2810 ἐπιξενωθεῖσα

51 2813 89 2855 «i.
111 2824 139 2847 e.
168 2813 456 2855 ἐπιξενωθέντος
477 2813 714 2857 Ηρακλέαυς)
750 2821 799 2849 τῶ
826 2815 975 2859 ἀδμήτω
1003 2816 1184 2859 sequitur
1216 2826 1455 2859 pelsonarum
1482 2815 1606 2857 index)

1642 1513 1685 1544 10

1642 1963 1685 1993 15
