1929 3208
253 185 278 222 ὕ
883 182 1151 215 ΕΥΡΙΠΙΔΟΥ

433 292 566 346 ἀργὸς
599 292 681 346 γὰρ
714 288 862 340 οὐδεὶς
893 290 1030 339 θεοὺς
1061 291 1173 344 ἔχων
1206 288 1288 330 ἀνὰ
1321 290 1458 343 στόμα
1733 303 1778 331 κο

433 365 532 417 βίον
566 359 736 404 δύναιτ’
773 361 828 403 ἂν
861 359 1086 414 ξυλλέγειν
1118 361 1225 402 ἄνευ
1257 361 1409 402 πόνου.

906 491 1140 523 ΟΡΕΣΊῚΙΣ.

436 563 639 618 Πυλάδη,
673 560 720 605 σὲ
753 563 836 618 γὰρ
870 563 924 617 δὴ
956 569 1131 617 πρῶτον
1164 561 1416 616 ἀνθρώπων
1449 560 1533 615 ἐγὼ

436 638 584 677 πίστιν
616 635 779 689 νομίζω
812 632 884 676 καὶ
916 635 1050 688 φίλον
1083 631 1210 683 ξένον
1242 629 1281 673 τ’
1316 631 1428 687 ἐμοί·

437 707 572 761 μόνος
604 703 643 747 δ’
678 703 880 759 Ὀρέστην
912 702 1034 746 τόνδ’
1073 703 1314 758 ἐθαύμαζες
1345 705 1505 757 φίλων,

435 772 686 830 πράσσονθ’
723 775 748 817 ἃ
781 775 962 831 πράσσω
996 772 1102 817 δείν’
1140 773 1213 816 ὑπ’
1251 775 1476 829 Αἰγίσθου
1506 775 1681 828 παθών,
1738 786 1782 816 85

436 849 483 898 ὃς
516 864 601 902 μου
633 845 814 890 κατέκτα
846 845 1010 901 πατέρα
1043 845 1095 900 χὴ
1127 846 1416 902 πανώλεθρος

439 922 591 974 μήτηρ.
654 918 842 973 ἀφῖγμαι
875 915 915 959 δ’
953 916 998 959 έκ
1030 921 1142 959 θεοῦ
1175 918 1453 972 χρηστηρίων

432 987 630 1044 Ἀργεῖον
663 986 799 1039 οὖδας
832 988 1015 1038 οὐδενὸς
1047 987 1311 1042 ξυνειδότος,

436 1063 580 1116 φόνον
612 1066 799 1115 φονεῦσι
831 1060 995 1115 πατρὸς
1027 1059 1225 1110 ἀλλάξων
1258 1059 1376 1113 ἐμοῦ.

438 1133 596 1181 νυκτὸς
629 1129 676 1173 δὲ
703 1132 834 1185 τῆσδε
867 1131 976 1185 πρὸς
1007 1131 1149 1185 τάφον
1182 1131 1330 1184 μολὼν
1363 1131 1525 1185 πατρὸς
1739 1142 1784 1171 00

438 1203 608 1257 δάκρυά
640 1200 678 1244 τ’
715 1202 857 1244 ἔδωκα
890 1199 962 1243 καὶ
993 1203 1129 1256 κόμης
1162 1200 1420 1256 ἀπηρξάμην

437 1280 556 1330 πυρᾷ
589 1271 626 1315 τ’
663 1270 869 1328 ἐπέσφαξ’
907 1267 1011 1328 αἷμα
1045 1274 1227 1326 μηλείου
1259 1274 1419 1327 φόνου,

439 1346 593 1388 λαθὼν
624 1345 873 1400 τυράννους
905 1346 951 1385 οἳ
978 1349 1190 1399 κρατοῦσι
1220 1345 1352 1397 τῆσδε
1384 1349 1472 1398 γῆς.

437 1415 510 1458 καὶ
542 1415 721 1470 τειχέων
753 1412 834 1469 μὲν
867 1414 989 1464 ε’ντὸς
1021 1414 1074 1456 οὐ
1107 1416 1245 1468 βαίνω
1277 1415 1406 1468 πόδα,

440 1490 569 1530 δυοῖν
603 1486 642 1529 δ’
680 1487 867 1541 ἅμιλλαν
900 1484 1122 1537 ξυντιθεὶς
1154 1485 1378 1541 ἀφικόμην
1742 1498 1786 1528 95

438 1560 547 1612 πρὸς
579 1557 794 1613 τέρμονας
825 1563 905 1611 γῆς
935 1553 1078 1611 τῆσδ’,
1111 1555 1168 1599 ἵν’
1206 1556 1375 1612 ἐκβάλω
1407 1555 1510 1600 ποδὶ

440 1631 579 1683 ἄλλην
612 1626 677 1671 ἐπ’
715 1625 832 1682 αἶαν,
866 1632 909 1670 εἴ
935 1627 990 1682 μέ
1017 1644 1082 1678 τις
1113 1629 1240 1683 γνοίη
1274 1636 1465 1682 σκοπῶν,

442 1704 580 1755 ζητῶν
613 1699 648 1742 τ’
681 1699 898 1754 ἀδελφήν·
931 1697 1039 1754 φασὶ
1070 1699 1154 1754 γάρ
1186 1715 1259 1741 νιν
1291 1698 1339 1741 ἐν
1371 1700 1527 1754 γάμοις

443 1775 703 1826 ζευχθεῖσαν
736 1772 874 1812 οἰκεῖν
908 1767 1031 1824 [οὐδὲ
1063 1768 1292 1825 παρθένον
1324 1769 1509 1825 μένειν]·

442 1843 501 1892 ὡς
533 1840 815 1896 συγγένωμαι
847 1839 919 1883 καὶ
951 1843 1097 1895 φόνου
1129 1840 1387 1895 ξυνεργάτιν
1723 1854 1788 1884 100

442 1914 590 1969 λαβὼν
622 1913 674 1954 τά
706 1909 747 1966 γ’
785 1916 885 1954 εἴσω
918 1911 1097 1967 τειχέων
1130 1919 1282 1967 σαφῶς
1313 1913 1456 1967 μάθω.

442 1992 526 2027 νῦν
559 1981 658 2027 οὖν·
681 1982 794 2033 ’Ἕως
824 1984 908 2038 γὰρ
942 1983 1099 2025 λευκὸν
1132 1981 1233 2038 ὄμμ’
1269 1982 1510 2039 ἀναίρεται·

442 2058 521 2106 ε”ξω
554 2057 709 2110 τρίβου
740 2051 860 2097 τοῦδ’
899 2058 1019 2110 ι”χνος
1051 2053 1352 2108 ἀλλαξώμεθα.

441 2127 467 2182 ἢ
500 2128 583 2181 γάρ
616 2142 680 2176 τις
713 2126 876 2180 ἀροτὴρ
909 2126 935 2179 ἥ
967 2141 1031 2174 τις
1063 2124 1220 2174 οἰκέτις
1251 2126 1364 2179 γυνὴ

442 2200 686 2252 φανήσεται
717 2201 826 2253 νῷν,
857 2194 996 2250 ἥντιν’
1037 2196 1328 2250 ι”στορήσομεν
1723 2208 1790 2238 105

443 2270 482 2310 εί
511 2269 671 2310 τούσδε
703 2270 818 2309 ναίει
851 2268 1069 2322 σύγγονος
1100 2268 1262 2316 τόπους
1294 2266 1384 2321 ἐμή.

361 2402 405 2432 50
432 2397 544 2431 schol.
572 2397 695 2436 οὐδεὶς
721 2395 795 2430 ἀπὸ
823 2394 938 2439 μόνον
965 2399 1004 2440 ζῇ
1031 2401 1095 2429 τοῦ
1125 2395 1396 2430 ἀνακαλεῖσθαι
1415 2396 1543 2436 θεούς
1573 2396 1665 2439 πρὸς
1682 2401 1790 2430 τοῦτο

265 2450 304 2485 δὲ
332 2451 394 2485 καὶ
420 2450 460 2484 τὸ
488 2451 584 2493 ,,σὺν
600 2449 739 2496 Ἀθηνᾷ
767 2449 830 2483 καὶ
851 2454 954 2494 χεῖρα
975 2447 1097 2483 κίνει“
1118 2448 1156 2482 in
1171 2450 1205 2483 L
1279 2452 1320 2482 81
1344 2447 1469 2483 πόνων
1490 2449 1591 2483 Stob.
1612 2448 1647 2483 fl.
1668 2453 1724 2492 30,
1747 2453 1789 2482 12

361 2508 404 2537 83
437 2503 581 2549 πίστιν]
611 2503 707 2537 Weil
733 2501 895 2547 (invenit
928 2501 1041 2535 etiam
1068 2502 1258 2546 Camper'),
1298 2501 1426 2536 πιστὸν
1451 2503 1529 2537 LG
1564 2503 1568 2545 Ι
1600 2502 1662 2536 καὶ
1688 2503 1790 2546 φιλο-

265 2558 469 2599 ξενώτατον
495 2556 595 2590 Weil
715 2559 761 2589 84
787 2554 1008 2599 ἐθαύμαζες]
1034 2554 1117 2589 fort.
1145 2553 1350 2597 ἐθάρσυνες
1471 2558 1514 2589 87
1547 2552 1790 2600 χρηστηρίων]

264 2611 415 2653 Barues,
442 2608 648 2654 μυστηρίων
674 2609 753 2644 LG
850 2612 894 2642 94
919 2606 1034 2653 πόδα]
1061 2608 1143 2642 fort.
1170 2606 1308 2648 πόλεως
1405 2612 1448 2641 95
1482 2609 1590 2642 δυοῖν
1620 2606 1656 2642 δ’
1686 2607 1791 2651 ἅμιλ-

266 2664 349 2708 λαν]
376 2662 540 2706 Pierson,
567 2664 670 2697 δυεῖν
697 2663 799 2706 (mut.
826 2661 865 2695 in
891 2662 1012 2705 δυοῖν)
1039 2659 1073 2694 δ’
1099 2658 1269 2705 ἁμίλλαιν
1295 2662 1330 2705 (ν
1350 2660 1403 2694 ita
1423 2672 1489 2694 scr.
1510 2662 1552 2694 ut
1578 2659 1688 2695 facile
1708 2671 1791 2694 cum

267 2728 286 2750 σ
312 2715 531 2750 commutari
557 2715 688 2760 possit)
715 2716 760 2757 L,
788 2715 890 2749 δυεῖν
917 2712 951 2748 δ’
977 2712 1144 2758 ἁμίλλαις
1171 2713 1204 2748 G
1311 2717 1354 2748 96
1380 2712 1505 2748 τούσδ’
1528 2712 1698 2758 Lenting.
1748 2713 1788 2747 In

266 2780 380 2813 marg.
410 2783 463 2814 γρ.
492 2767 539 2804 ἵν’
571 2767 714 2814 ἐμβάλω
740 2769 773 2802 L
797 2770 801 2812 1
831 2766 970 2812 ἐκβάλω
997 2768 1096 2801 πόδα
1122 2767 1278 2810 Dobree,
1304 2765 1463 2812 ἐκβαίνω
1492 2766 1581 2800 ποδὶ
1600 2765 1795 2800 Kirchhoff

363 2826 405 2856 98
433 2825 548 2866 ζητῶν
574 2821 605 2856 τ’
632 2821 801 2863 Pierson,
829 2819 994 2865 ζητοῦντ’
1026 2820 1103 2855 LG
1201 2825 1244 2854 99
1266 2820 1376 2854 verba
1404 2818 1490 2854 οὐδὲ
1513 2847 1519 2853 .
1541 2847 1548 2853 .
1576 2817 1700 2863 μένειν
1726 2819 1789 2853 de-

266 2875 349 2919 levi,
378 2877 614 2919 exspectatur
639 2873 776 2909 ἐνθάδ’
807 2873 942 2913 ἄστεως
968 2873 1062 2913 ἑκάς.
1114 2873 1184 2908 Cfr.
1212 2877 1280 2907 246
1403 2876 1470 2906 100
1502 2871 1717 2916 ξυνεργάτιν
1745 2872 1789 2914 G,

268 2928 485 2973 συνεργάτιν
505 2930 539 2963 L
616 2931 680 2962 102
702 2926 768 2968 ἕως
787 2927 877 2971 LG,
904 2938 1079 2971 superser.
1102 2927 1174 2972 ἠὼς
1193 2928 1215 2961 Ζ.
1246 2925 1323 2961 ”Em
1340 2953 1369 2960 ..
1397 2923 1573 2970 ἐγείρεται
1599 2923 1794 2959 Kirchhoff
