1929 3208
278 179 334 219 (34

283 575 331 611 Χ(
338 576 362 610 ).

278 715 448 755 ΘΕΟΚ.

283 1145 370 1183 ΧΟ.

282 1213 454 1254 ΘΕΟΚ.

281 1287 368 1325 ΧΟ.

281 1356 452 1396 ΘΕΟΚ.

279 1499 449 1539 ΘΕΟΚ.

278 1569 453 1610 ΘΕΟΚ.

280 1640 451 1681 ΘΕΟΚ.

279 1711 450 1752 ΘΕΟΚ.

279 1782 449 1823 ΘΕΟΚ.

281 1924 452 1964 ΘΕΟΚ.

282 1995 454 2036 ΘΕΟΚ.

282 2065 450 2106 ΘΕΟΚ.

281 2207 451 2248 ΘΕΟΚ.

908 178 1178 211 ΕΎΊἾΠῙΔΟΤ

494 287 573 339 ἤδη
608 283 654 327 δὲ
688 281 907 339 κάμνονθ’
944 284 1220 339 ὁρμιατόνων
1252 283 1307 339 μέ
1336 300 1400 334 τις
1713 296 1802 327 1615

491 353 696 406 ἀνείλετ’,
728 355 770 406 ἐς
804 354 850 397 δὲ
884 363 1015 409 γαῖαν
1048 354 1326 410 ἐξέβησέσοι

490 425 581 467 τάδ’
619 426 900 480 ἀγγελοῦντα.
964 427 1198 481 σώφρονος
1231 425 1267 467 δ’
1307 426 1507 476 ἀπιστίας

490 498 569 539 οὐκ
603 499 721 539 ἔστιν
755 495 887 539 οὐδὲν
920 497 1249 552 χρησιμώτερον
1283 500 1465 552 βροτοῖς.

488 569 568 611 οὐκ
600 569 654 610 ἄν
686 566 781 610 ποτ’
819 569 987 623 ηὔχουν
1020 568 1120 610 οὕτε
1153 566 1192 609 σ’
1231 566 1334 609 οὔθ’
1371 568 1483 623 ἡμᾶς
1516 572 1672 609 λαθεῖν

495 639 739 690 Μενέλαον,
774 636 903 690 ὦναξ,
938 639 996 689 ὡς
1029 639 1277 681 ἐλάνθανεν
1308 640 1473 693 παρών.
1715 651 1805 681 1020

492 709 524 753 ὦ
560 713 827 765 γυναικείαις
862 709 1085 764 τέχναισιν
1117 710 1310 764 αἷρεθεὶς
1343 710 1426 764 ἐγὼ
1458 708 1608 760 τάλας·

489 783 810 837 ἐκπεφεύγασιν
843 781 974 834 γάμοι
1006 797 1068 835 με.
1131 782 1199 822 κεί
1228 778 1308 835 μὲν
1341 779 1396 835 ἦν
1429 780 1648 835 ἁλώσιμος

494 861 601 904 ναῦς
634 854 894 907 διώγμασιν,
927 854 1125 906 πονήσας
1157 847 1277 894 εἷλον
1310 851 1364 893 ἂν
1395 852 1503 907 τάχα
1537 851 1705 904 ξένους·

490 932 574 967 νῦν
607 923 653 967 δὲ
686 925 766 978 τὴν
798 925 1057 978 προδοῦσαν
1088 923 1199 978 ἡμᾶς
1234 924 1476 978 τισόμεσθα
1509 923 1746 977 σύγγονον,

490 998 582 1051 ἥτις
616 995 662 1038 ἐν
691 997 842 1049 δόμοις,-
875 994 1022 1049 ὁρῶσα
1049 993 1302 1048 .Μενέλεων,
1335 994 1416 1036 οὐκ
1449 990 1543 1036 εἶπέ
1572 1010 1656 1049 μοι.
1716 1005 1805 1037 1625

490 1068 642 1122 τοιγὰρ
677 1065 826 1108 οὔποτ’
863 1067 999 1108 ἄλλον
1031 1067 1173 1119 ἄνδρα
1205 1066 1411 1115 ψεύσεται
1444 1066 1754 1120 μαντεύμασιν.

494 1135 623 1188 οὗτος
643 1135 691 1190 ὦ,
718 1145 797 1179 ποῖ’
814 1138 894 1178 σὸν
915 1133 1014 1178 πόδ’
1039 1141 1189 1190 αἴρεις,
1211 1132 1405 1189 δέσποτ’,
1432 1135 1474 1185 ές
1493 1143 1622 1177 ποῖον
1643 1137 1806 1190 φόνον;

497 1204 621 1262 οἷπερ
652 1208 677 1262 ἡ
712 1208 811 1261 δίκη
844 1207 1011 1249 κελεύει
1042 1205 1107 1261 μ’·
1141 1203 1236 1248 ἀλλ’
1274 1205 1480 1260 ἀφίστασ’
1518 1205 1730 1248 ἐκποδών.

493 1281 572 1323 οὐκ
593 1279 819 1333 ἀφήσομαι
840 1277 1017 1320 πέπλων
1039 1285 1150 1320 σῶν·
1177 1278 1340 1332 μεγάλα
1361 1278 1443 1332 γὰρ
1465 1279 1669 1328 σπεύδεις
1687 1277 1808 1320 κακά.

496 1352 604 1394 ἀλλὰ
647 1352 874 1392 δεσποτῶν
912 1351 1142 1404 κρατήσεις
1186 1350 1346 1399 δοῦλος
1385 1350 1466 1399 ὥν;
1525 1352 1616 1391 ΧΟ.
1654 1355 1808 1405 φρονῶ

1310 1422 1393 1474 γὰρ
1426 1417 1487 1463 εὖ.
1716 1430 1808 1462 1630

495 1495 575 1537 οὐκ
596 1491 751 1548 ἔμοιγ’,
776 1494 815 1534 εί
833 1494 890 1546 μή
912 1490 956 1546 μ’
981 1491 1122 1541 ἐάσεις
1154 1495 1241 1533 ΧΟ.
1265 1492 1318 1534 οὐ
1339 1489 1419 1545 μὲν
1441 1488 1522 1533 οὖν
1542 1487 1582 1533 σ’
1607 1490 1804 1545 ἐάσομεν.

497 1566 719 1619 σύγγονον
739 1571 915 1606 κτανεῖν
935 1565 1158 1617 κακίστην,
1180 1565 1270 1605 ΧΟ.
1285 1563 1601 1616 εὐσεβεστάτην
1619 1559 1700 1616 μὲν
1715 1558 1807 1604 οὖν.

494 1638 519 1691 η’
540 1652 591 1690 με
612 1636 872 1690 προύδωκεν
898 1637 988 1676 ΧΟ.
1006 1636 1144 1688 καλήν
1165 1650 1212 1688 γε
1233 1634 1494 1688 προδοσίαν,
1516 1634 1662 1675 δίκαια
1684 1633 1807 1688 δρᾶν.

493 1708 603 1762 τάμὰ
634 1704 774 1760 λέκτρ’
806 1706 923 1762 ἄλλῳ
955 1706 1154 1748 διδοῦσα.
1201 1708 1289 1747 ΧΟ.
1316 1712 1408 1755 τοῖς
1436 1720 1485 1758 γε
1514 1702 1806 1759 κυριωτέροις.

493 1779 645 1833 κύριος
690 1775 737 1819 δὲ
782 1783 870 1818 τῶν
914 1775 1031 1830 ἐμῶν
1075 1778 1158 1827 τι’ς;
1219 1779 1308 1818 ΧΟ.
1353 1775 1400 1826 ὃς
1444 1777 1601 1829 ἔλαβεν
1645 1775 1808 1828 πατρὸς

1311 1846 1438 1899 πάρα.
1718 1855 1807 1887 1635

495 1918 589 1962 ἀλλ’
620 1918 835 1973 ε”δωκενὴ
869 1919 975 1973 τύχη
1009 1933 1095 1973 μοι.
1147 1921 1236 1960 ΧΟ.
1263 1918 1311 1959 τὸ
1345 1916 1393 1959 δὲ
1425 1917 1567 1972 χρεὼν
1593 1915 1807 1970 ἀφείλετο.

497 1991 549 2033 οὐ
588 1989 636 2032 σὲ
674 1990 786 2045 τάμὰ
822 1990 902 2045 χρὴ
938 1989 1140 2040 δικάζειν.
1205 1992 1295 2030 ΧΟ.
1327 1989 1383 2042 ἤν
1414 2004 1463 2042 γε
1495 1989 1651 2042 βελτίω
1684 1985 1807 2040 λέγω.

494 2057 732 2116 ἀρχόμεσθ’
764 2058 853 2115 ἄρ’,
887 2060 940 2103 οὐ
971 2065 1229 2115 κρατοῦμεν.
1281 2062 1371 2100 ΧΟ.
1399 2059 1498 2100 ὅσια
1527 2059 1653 2113 δρᾶν,
1685 2058 1737 2100 τὰ
1763 2055 1802 2098 δ’

1311 2127 1445 2172 ἔκδικ’
1482 2129 1548 2172 οὔ.

493 2208 734 2246 κατθανεῖν
761 2203 866 2258 ἐρᾶν
890 2205 1046 2252 ἔοικας.
1097 2205 1188 2244 ΧΟ.
1215 2208 1372 2243 κτεῖνε·
1399 2201 1622 2254 σύγγονον
1649 2197 1697 2242 δὲ
1723 2199 1807 2254 σὴν

378 2395 468 2427 1615
495 2390 684 2436 κάμνοντα
706 2391 752 2434 L,
778 2388 954 2434 κάμνοντ’
981 2389 1035 2423 {G
1057 2391 1061 2435 Ι
1085 2387 1315 2433 ὁρμιατόνων
1335 2389 1370 2423 L
1390 2390 1428 2423 eb
1453 2402 1476 2422 α
1502 2387 1541 2421 in
1560 2399 1630 2422 ras.
1652 2386 1808 2421 duarum

281 2447 473 2481 literarum
509 2445 605 2490 (fort.
640 2442 900 2488 ὁρμιευτόνων,
931 2454 1017 2477 nam
1050 2456 1073 2476 ιι
1105 2441 1143 2475 in
1170 2443 1203 2476 L
1229 2441 1385 2476 formam
1418 2454 1457 2476 ευ
1490 2440 1648 2475 similem
1678 2439 1808 2484 habet)

282 2500 418 2545 scripto
442 2500 485 2542 G,
511 2499 551 2533 in
574 2509 691 2543 marg.
719 2511 772 2542 γρ.
801 2496 936 2541 ὁρμιὰν
961 2494 1073 2530 τίνων
1099 2493 1142 2539 μέ
1165 2509 1220 2535 τις
1247 2496 1258 2529 Z
1356 2498 1446 2529 1618
1473 2493 1741 2539 χρησιμώτερον
1761 2493 1807 2535 L,

281 2551 579 2598 σωφρονέστερον
607 2551 640 2586 G
765 2554 852 2584 1621
884 2547 1108 2594 γυναικείοις
1134 2549 1321 2583 Hermann
1443 2551 1533 2581 1622
1561 2545 1807 2590 έκπεφεύγασι

282 2607 359 2641 LG

468 2609 558 2640 1623
586 2605 765 2650 διώγμασι
792 2603 869 2637 LG
898 2604 902 2647 ἱ
931 2601 1111 2649 πονήσας]
1139 2603 1325 2647 πονηροὺς
1350 2601 1469 2635 Bothe
1574 2602 1662 2634 1627
1690 2594 1717 2633 ὦ
1743 2604 1810 2633 ποῖ

282 2660 320 2693 in
346 2671 416 2694 ras.
443 2661 485 2692 ut
510 2658 584 2692 vid.
613 2657 663 2701 L,
695 2655 779 2691 ὅποι
809 2656 842 2691 G
941 2659 1031 2690 1628
1058 2653 1139 2689 οἶπε
1168 2656 1212 2699 G,
1240 2653 1344 2699 οἷπερ
1369 2666 1392 2699 ῃ
1419 2657 1423 2698 Ι
1453 2650 1626 2698 ἂφίστασ’
1656 2652 1808 2695 Porson,

283 2710 487 2757 ‹zwismaff
513 2711 590 2746 LG
684 2713 869 2744 1629-39
890 2708 1050 2743 lineolae
1076 2708 1157 2743 loeo
1183 2709 1353 2742 notarum
1375 2706 1414 2740 in
1435 2706 1512 2741 LG
1606 2707 1695 2739 1629
1721 2704 1796 2739 fort

284 2765 502 2809 μεθήσομαι.
545 2765 548 2809 Ι
590 2763 658 2809 γὰρ
692 2774 760 2797 om.
794 2762 883 2805 LG,
920 2762 1105 2797 addich'ssl
1203 2765 1293 2795 1630
1325 2759 1497 2804 κρατήσει
1524 2759 1713 2793 Hermann

285 2823 373 2853 1633
412 2818 604 2861 προύδωκε
630 2817 708 2852 LG
831 2819 921 2850 1635
961 2815 1065 2861 ἔλαβε
1092 2815 1170 2850 LG
1293 2817 1382 2847 1637
1398 2824 1449 2857 sq.
1477 2824 1508 2846 v,
1548 2810 1711 2856 suspecti

285 2876 375 2905 1638
414 2869 595 2916 (ἐρχόμεθ’
638 2870 727 2914 LG,
765 2867 968 2914 ἀρχόμεσθ’
1005 2869 1016 2902 Ι
1056 2871 1060 2913 Ι
1100 2867 1145 2901 τὰ
1183 2865 1218 2900 δ’
1256 2864 1370 2900 ἔκδικ’
1410 2865 1469 2911 οὔ]
1501 2865 1656 2907 Porson,
1694 2862 1799 2898 τάνδ’

285 2925 417 2959 ἐκδικῶ
445 2924 523 2959 LG
622 2927 711 2957 1639
737 2929 877 2957 κτεῖναι
906 2921 939 2956 G
