1929 3208
823 181 986 214 EKABH
1608 179 1660 220 41

319 288 373 330 ἃν
405 290 510 343 μήτε
542 288 730 343 πέλαγος
761 289 889 330 ἅλιον
922 289 1140 342 ἀπαγάγοι
1171 287 1324 342 πάλιν,
1595 299 1663 330 950

318 362 422 415 μήτε
453 367 658 417 πατρῷον
689 357 814 402 ἵκοιτ’
847 359 890 410 ἐς
921 355 1056 402 οἶκον.

726 506 1079 540 ΙΙΟΛΤΜῙῙΣΤΩΡ.

320 577 353 620 ὦ
387 577 561 632 φίλτατ’
590 578 767 633 ἀνδρῶν
801 580 994 633 Πρίαμε,
1027 579 1211 633 φιλτάτη
1245 576 1293 620 δὲ
1326 579 1403 631 σύ,

311 649 492 704 Ἑκάβη,
526 650 703 704 δακρύω
736 646 776 690 σ’
807 650 993 703 εἰσορῶν
1025 651 1156 691 πόλιν
1187 665 1232 691 τε
1265 649 1348 703 σὴν

319 723 400 775 τήν
431 716 468 762 τ’
498 720 656 775 ἀρτίως
685 724 919 762 θανοῦσαν
951 721 1134 773 ἔκγονον
1167 719 1313 762 σέθεν.
1598 732 1664 761 955

316 797 419 846 φεῦ·

318 862 398 904 οὐκ
430 863 520 903 ἔστι
551 862 707 903 πιστὸν
739 859 895 914 οὐδέν,
930 858 1022 903 οὔτ’
1054 861 1231 913 εὐδοξία

318 930 412 975 οὔτ’
441 929 497 974 αὖ
530 935 671 981 καλῶς
702 932 957 987 πράσσοντα
989 933 1046 987 μὴ
1079 926 1260 987 πράξειν
1292 940 1445 982 κακῶς.

321 1005 517 1059 φύρουσι
550 1001 588 1045 δ’
621 1003 730 1045 αὐτὰ
762 1002 862 1045 θεοὶ
893 1003 1028 1046 πάλιν
1058 1019 1104 1045 τε
1135 1002 1208 1046 καὶ
1239 1005 1389 1057 πρόσω

317 1075 542 1130 ταραγμὸν
573 1073 842 1128 ἐντιθέντες,
875 1075 934 1124 ὡς
965 1074 1162 1131 ἀγνωσία

317 1145 514 1201 σέβωμεν
547 1145 721 1195 αὐτούς.
783 1145 893 1188 ἀλλὰ
924 1152 1059 1188 ταῦτα
1091 1144 1172 1201 μὲν
1203 1147 1249 1188 τί
1277 1147 1347 1188 δεῖ
1597 1159 1665 1190 960

314 1222 505 1272 θρηνεῖν
536 1215 828 1270 προκόπτοντ’
859 1214 993 1260 οὐδὲν
1026 1216 1070 1267 ἐς
1100 1219 1301 1272 πρόσθεν
1332 1225 1501 1267 κακῶν;

317 1290 372 1331 σὺ
405 1287 464 1342 δ’,
498 1292 542 1330 εἴ
567 1304 608 1330 τι
639 1288 789 1344 μέμφῃ
821 1294 897 1343 τῆς
928 1288 1032 1343 ἐμῆς
1064 1288 1300 1340 ἀπουσίας,

315 1359 431 1415 σχές·
462 1360 664 1415 τυγχάνω
697 1360 781 1413 γὰρ
816 1359 864 1402 ἐν
896 1359 1046 1415 μέσοις
1079 1357 1252 1415 Θρῄκης
1285 1360 1406 1415 ὅροις

315 1431 458 1484 ἀπών,
491 1429 554 1472 ὅτ’
584 1427 722 1485 ἦλθες
754 1429 899 1485 δεῦρ’·
931 1429 1023 1473 ἐπεὶ
1057 1427 1097 1472 δ’
1128 1431 1371 1486 ἀφικόμην,

316 1503 399 1556 ἤδη
431 1500 532 1544 πόδ’
566 1501 644 1552 ἔξω
678 1502 893 1556 δωμάτων
925 1505 1102 1557 αἴροντί
1129 1518 1203 1556 μοι
1598 1515 1665 1545 965

316 1573 359 1623 ἐς
389 1573 550 1615 ταύτὸν
583 1573 660 1627 ἥδε
695 1575 925 1627 συμπίτνει
960 1572 1097 1628 δμωὶς
1129 1573 1284 1627 σέθεν,

316 1644 506 1698 λέγουσα
538 1644 734 1699 μύθους,
768 1641 830 1686 ὧν
862 1645 1010 1686 κλύων
1043 1644 1278 1699 ἀφικόμην.
1323 1657 1327 1661 ’

162 1717 255 1758 ΕΚ.
316 1715 585 1770 αἰσχύνομαί
613 1726 660 1757 σε
691 1714 986 1770 προσβλέπειν
1018 1714 1243 1769 ἐναντίον,

317 1789 636 1841 Πολυμῆστορ,
668 1785 716 1828 ἐν
748 1788 940 1829 τοιοῖσδε
971 1786 1148 1842 κειμένη
1180 1795 1342 1838 κακοῖς.

316 1858 401 1914 ὅτῳ
433 1858 517 1911 γὰρ
551 1858 712 1912 ὤφθην
744 1854 994 1914 εὐτυχοῦσ’,
1027 1858 1162 1908 αἰδώς
1194 1857 1237 1913 μ’
1270 1860 1357 1914 ἔχει
1597 1872 1665 1901 οτι)

317 1927 365 1970 ἐν
395 1929 508 1987 τῷδε
540 1930 689 1986 πότμῳ
720 1927 987 1984 τυγχάνουσ’
1019 1927 1076 1970 ἵν’
1107 1928 1196 1984 εἰμὶ
1227 1936 1314 1972 νῦν

316 1999 423 2042 κούκ
456 1998 510 2041 ἂν
544 2000 764 2055 δυναίμην
795 2000 1091 2055 προσβλέπειν
1123 2001 1281 2056 ὀρθαῖς
1313 2004 1476 2057 κόραις.

316 2068 412 2113 ἀλλ’
442 2070 548 2112 αὐτὸ
581 2071 638 2125 μὴ
672 2071 889 2113 δύσνοιαν
919 2071 1061 2127 ἡγήσῃ
1095 2071 1252 2126 σέθεν,

319 2144 632 2196 Πολυμῆστορ·
665 2143 807 2192 ἄλλως
838 2141 880 2184 δ’
909 2144 1050 2185 αἴτιόν
1082 2159 1123 2185 τι
1154 2142 1226 2185 καὶ
1258 2146 1413 2198 νόμος,

317 2219 527 2266 γυναῖκας
559 2212 736 2268 ἀνδρῶν
769 2213 826 2267 μὴ
861 2212 1037 2266 βλέπειν
1070 2213 1288 2256 ἐναντίον.
1599 2225 1666 2256 975

260 2344 329 2376 950
355 2340 418 2388 ἂν]
444 2340 491 2385 ἣν
518 2342 600 2376 La2
692 2346 759 2376 952
787 2342 838 2382 εἰς
863 2342 959 2378 LG¹
1047 2346 1113 2377 953
1140 2344 1184 2378 ut
1209 2342 1374 2388 spurium
1400 2345 1508 2378 notat
1534 2343 1665 2377 Nauck

187 2399 255 2429 954
281 2394 395 2430 τοσὰν
421 2395 455 2429 L
486 2407 524 2430 τε
557 2394 625 2440 σὴν
653 2396 664 2430 l
786 2399 852 2430 956
881 2395 954 2430 ἔστι
979 2396 1030 2442 L]
1064 2395 1160 2431 ἔστιν
1185 2408 1205 2431 7·
1240 2400 1244 2440 Ι
1278 2397 1407 2432 πιστὸν
1434 2395 1544 2431 οὐδὲν
1571 2397 1665 2442 AL]

140 2448 251 2483 οὐδὲν
282 2448 412 2483 πιστὸν
444 2460 464 2483 ’ν
585 2452 652 2483 957
679 2448 872 2493 πράξαντα
904 2449 1085 2484 Stobaeus
1111 2449 1187 2484 flor.
1211 2454 1295 2494 105,
1317 2455 1360 2484 35
1395 2451 1399 2496 Ι
1435 2449 1603 2494 nomn*
1630 2450 1665 2484 L

140 2501 295 2545 πράξειν
321 2502 333 2536 Ζ
445 2504 513 2536 958
540 2501 719 2546 φὲρουσιν
745 2504 780 2537 Δ
807 2502 990 2546 φύρουσιν
1017 2503 1070 2538 A2
1097 2502 1275 2547 φέρουσιν
1300 2514 1397 2538 man.
1425 2514 1496 2538 rec.
1532 2504 1536 2547 1
1572 2502 1666 2536 αὐτὰ

140 2554 344 2601 Hermann]
378 2552 470 2589 αὖθ’
495 2554 530 2590 οἱ
561 2555 673 2590 AaG
705 2554 798 2590 αὕθ’
821 2555 856 2590 οἱ
883 2557 923 2591 Ε
952 2554 987 2590 δ’
1013 2553 1106 2590 αὖθ’
1137 2567 1245 2591 rescr.
1279 2558 1317 2591 et
1343 2556 1378 2591 οἱ
1404 2557 1489 2591 θεοὶ
1525 2555 1563 2589 in
1595 2567 1664 2589 ras,

141 2618 207 2641 scr.
242 2608 254 2641 l
291 2605 338 2641 αὖ
376 2620 432 2642 τοι
464 2607 514 2642 αἳ.
553 2608 592 2642 in
630 2620 745 2653 marg.
779 2619 846 2644 ser.
877 2609 918 2644 a³
949 2623 1003 2655 γρ.
1037 2607 1130 2644 αὖθ’
1155 2609 1190 2644 οἱ
1221 2610 1305 2644 θεοὶ
1338 2608 1360 2653 ἢ
1394 2610 1500 2643 αὐτοὶ
1599 2612 1665 2643 963

136 2658 336 2705 ’τύγχανον
369 2660 449 2705 (sic)
478 2660 511 2696 G·
542 2661 745 2706 ἐτύγχανον
775 2662 817 2697 a²
848 2664 886 2697 et
911 2662 952 2697 a³
986 2664 990 2703 Ι
1025 2661 1148 2706 μέσοις
1173 2664 1207 2697 A
1241 2661 1351 2707 μέσης
1377 2663 1430 2697 ΑΙ
1463 2675 1497 2696 οι
1531 2673 1609 2706 sup.
1642 2675 1665 2706 η

141 2725 207 2748 scr.
247 2714 301 2748 Αἵ
422 2716 489 2748 966
526 2713 718 2758 συμπίτνει
756 2716 808 2761 A]
853 2722 1046 2760 συμπιτνεῖ
1082 2716 1257 2750 aEGA2
1301 2714 1498 2759 συμπίπτει
1536 2716 1571 2750 L

140 2770 207 2801 967
246 2765 454 2813 ἀφικόμην]
492 2766 644 2811 πάρειμί
683 2779 739 2802 σοι
775 2768 891 2814 Wess,
936 2769 1150 2815 ἐφεσπόμην
1187 2769 1229 2802 R.
1263 2768 1371 2802 Prinz
1418 2768 1558 2813 (malim
1597 2767 1661 2813 ἅμ’

141 2818 318 2864 ἑσπόμην)
402 2823 469 2854 969
496 2819 740 2864 πολυμήστορ’
765 2823 800 2856 Α
829 2821 837 2832 ’
863 2821 901 2856 in
922 2825 935 2832 ”
962 2825 1051 2858 mut.
1080 2822 1153 2857 vid.
1181 2822 1235 2856 ΑΞ
1322 2825 1483 2856 970-75
1512 2822 1666 2857 damnat

142 2872 304 2907 Dindorf
332 2875 410 2918 (971
448 2872 522 2907 iam
556 2874 711 2917 Porson‚
751 2878 912 2909 973—75
946 2876 1118 2919 Hartung
1156 2874 1299 2919 spurios
1338 2874 1498 2920 notavit>
1597 2879 1664 2910 972

142 2937 376 2970 n906******
404 2939 427 2961 ιι
452 2925 696 2973 προσβλέπειν
721 2928 761 2963 ιιι
784 2928 788 2973 Ι
812 2927 844 2962 σ’
869 2931 954 2974 post
979 2927 1224 2976 προσβλέπειν
1254 2928 1337 2964 add.
1366 2939 1436 2964 rec.
