1929 3208
724 131 969 163 AAKllz'rlz
1575 129 1630 170 43

279 241 404 294 ,αὕτα
436 239 540 281 ποτὲ
572 238 794 293 προύθαν’
828 238 1009 292 ἀνδρός,

280 319 364 353 νῦν
397 311 437 352 δ’
471 310 562 352 ἐστὶ
594 309 782 363 μάκαιρα
815 309 1002 362 δαίμων·

280 382 409 436 χαῖρ’,
442 379 474 423 ὦ
507 379 666 434 πότνι’,
699 376 747 421 εὖ
781 380 829 421 δὲ
862 379 1011 433 δοίης.ι

281 454 398 494 τοῖαί
431 468 500 493 νιν
533 457 801 506 προσεροῦσι
835 456 985 504 φᾶμαι.
1546 458 1634 489 1005

281 595 352 636 καὶ
384 595 471 649 μὴν
503 594 584 647 ὅδ’,
617 594 674 643 ὡς
706 591 863 646 ἔοικεν,
890 591 1131 646 Ἀλκμήνης
1163 593 1315 645 γόνος,

275 665 473 719 Ἄδμητε,
507 666 616 718 πρὸς
649 665 732 718 σὴν
764 663 913 705 ἑστίαν
945 663 1189 716 πορεύεται.

732 804 976 836 ΗΡΑΚΛΗΣ.

283 879 417 932 φίλον
449 878 558 931 πρὸς
590 876 731 931 ἄνδρα
764 877 845 930 χρὴ
879 875 1024 929 λέγειν
1057 873 1324 928 ἐλευθέρως,

273 948 473 1002 Ἄδμητε,
505 937 684 1002 μομφὰς
714 946 754 987 δ’
787 946 867 1001 οὐχ
899 945 986 987 ὑπὸ
1020 945 1287 999 σπλάγχνοις
1320 942 1436 999 ἔχειν

283 1019 471 1073 σιγῶντ’.
534 1017 619 1072 ἐγὼ
652 1017 701 1059 δὲ
733 1024 827 1067 σοῖς
858 1023 1061 1059 κακοῖσιν
1092 1015 1247 1070 ἠξίουν
1550 1026 1640 1056 1010

283 1089 414 1144 ἐγγὺς
444 1089 670 1144 παρεστὼς
702 1087 976 1139 ἐξετάζεσθαι
1009 1088 1154 1142 φίλος·

285 1164 340 1203 σὺ
374 1161 415 1202 δ’
448 1160 528 1203 οὐκ
559 1158 744 1215 ἔφραζες
776 1166 854 1214 σῆς
886 1160 1178 1213 προκείμενον
1210 1158 1345 1201 νέκυν

284 1234 514 1286 γυναικός,
547 1230 657 1273 ἀλλά
689 1231 733 1285 μ’
765 1230 947 1282 ε’ξένιζες
979 1229 1028 1272 ἐν
1061 1231 1213 1283 δόμοις

286 1304 362 1358 [ὡς
394 1304 448 1358 δὴ
480 1304 677 1358 θυραίου
709 1304 903 1357 πήματος
935 1302 1137 1356 σπουδὴν
1169 1299 1310 1356 ἔχων]

285 1376 478 1425 κᾶστεψα
509 1379 646 1428 κρᾶτα
677 1374 750 1415 καὶ
781 1378 907 1423 θεοῖς
938 1371 1180 1427 ἐλειψοὶμην
1551 1383 1640 1414 1015

286 1446 482 1495 σπονδὰς
514 1444 562 1487 ἐν
594 1445 730 1494 οἴκοις
762 1445 1033 1499 δυστυχοῦσι
1064 1450 1179 1485 τοῖσι
1212 1450 1316 1493 σοῖς.

285 1518 357 1558 καὶ
389 1516 612 1570 μέμφομαι
642 1516 723 1569 μὲν
754 1515 978 1570 μέμφομαι
1009 1516 1170 1557 παθὼν
1201 1514 1318 1568 τάδε,

287 1588 339 1630 οὐ
372 1590 459 1642 μήν
491 1598 539 1629 σε
572 1591 729 1629 λυπεῖν
761 1586 810 1629 ἐν
839 1593 1013 1629 κακοῖσι
1045 1586 1272 1640 βούλομαι.

288 1655 350 1700 ὧν
383 1659 423 1700 δ’
457 1658 587 1712 εἵνεχ’
618 1658 708 1712 ἥκω
742 1657 865 1712 δεῦρ’
897 1656 1175 1711 ὑποστρέψας
1206 1657 1339 1698 πάλιν

289 1729 407 1780 λέξω.
469 1735 658 1783 γυναῖκα
691 1729 822 1783 τήνδε
853 1744 928 1782 μοι
960 1735 1107 1770 σῶσον
1140 1728 1304 1782 λαβών,
1553 1738 1642 1769 1020

289 1801 368 1850 ἕως
400 1800 455 1842 ἂν
488 1801 650 1850 ἵππους
681 1800 815 1852 δεῦρο
851 1800 1040 1858 Θρῃκίας
1071 1800 1192 1853 ἄγων

288 1870 421 1925 ἔλθω,
452 1871 676 1925 τύραννον
708 1872 937 1913 Βιστόνων
968 1871 1262 1912 κατακτανών.

288 1942 452 1997 πράξας
484 1942 525 1983 δ’
557 1940 582 1984 ὃ
612 1943 669 1996 μὴ
701 1942 891 1997 τύχοιμι·
923 1943 1184 1996 νοστήσαιμι
1215 1941 1315 1995 γάρ·

290 2013 448 2066 δίδωμι
479 2013 610 2067 τήνδε
643 2019 761 2055 σοῖσι
791 2016 1063 2067 προσπολεῖν
1095 2013 1257 2065 δόμοις.

290 2094 436 2145 πολλῷ
470 2090 519 2132 δὲ
550 2091 704 2146 μόχθῳ
735 2096 883 2145 χεῖρας
913 2087 1055 2144 ἦλθεν
1088 2090 1149 2138 εἰς
1181 2087 1300 2142 ἐμάς·
1553 2100 1643 2130 1025

291 2161 440 2215 ἀγῶνα
471 2162 555 2216 γὰρ
587 2161 819 2215 πάνδημον
851 2160 1039 2216 εὑρίσκω
1072 2161 1194 2210 τινὰς

291 2231 516 2286 τιθέντας,
548 2230 814 2286 ἀθληταῖσιν
846 2231 970 2282 ἄξιον
1002 2232 1158 2284 πόνου,

292 2304 402 2345 ὅθεν
432 2304 592 2356 κομίζω
623 2303 755 2357 τήνδε
787 2305 1017 2358 νικητήρια

294 2375 457 2428 λαβών·
492 2375 542 2416 τὰ
573 2373 654 2427 μὲν
685 2375 769 2428 γὰρ
801 2380 949 2429 κοῦφα
979 2379 1072 2423 τοῖς
1103 2379 1286 2415 νικῶσιν
1317 2370 1373 2427 ἦν

141 2506 231 2537 1002
258 2503 446 2546 προύθαν’
472 2502 602 2548 Monk]
628 2502 848 2545 προύθανεν
875 2503 958 2537 aPl
983 2503 1203 2545 προῦθανεν
1228 2512 1248 2536 r
1335 2504 1426 2535 1004
1453 2498 1572 2535 πότνι’
1600 2500 1644 2545 S]

81 2548 214 2584 πότνια
239 2561 259 2584 r
380 2553 471 2584 1005
510 2556 633 2595 φᾶμαι
657 2549 786 2595 Monk]
827 2554 948 2594 φῆμαι
973 2548 1060 2583 libri
1183 2551 1274 2583 1006
1307 2561 1385 2593 χορ.
1413 2547 1527 2592 praef.
1555 2548 1609 2582 Sa
1639 2549 1645 2590 ι

82 2595 205 2642 γόνος]
232 2596 316 2631 fort.
342 2595 467 2640 τόκος,
494 2597 558 2632 cfr.
586 2600 654 2631 505
766 2600 857 2631 1009
883 2596 1032 2641 μομφὰς
1057 2596 1139 2642 La]
1166 2595 1314 2640 μορφὰς
1339 2607 1358 2630 r
1392 2597 1396 2639 Ι
1432 2594 1542 2640 ἔχειν]
1571 2592 1647 2628 στέ-

82 2657 159 2688 γειν
185 2644 223 2678 F.
246 2643 312 2678 Gn.
335 2643 505 2678 Schmidtz
603 2647 694 2679 1010
721 2645 754 2678 δ’
781 2643 820 2678 ἐν
848 2649 926 2684 σοῖς
951 2643 1096 2678 Dobree
1206 2646 1298 2677 1014
1325 2644 1359 2687 (e
1384 2654 1415 2675 v.
1445 2645 1512 2675 778
1544 2652 1647 2686 repe-

81 2692 206 2735 titum)
233 2691 454 2735 proscripsib
478 2690 695 2726 Lachmann
770 2694 860 2726 1017
887 2692 952 2736 μὲν
978 2691 1060 2737 Βα]
1088 2690 1132 2735 δὴ
1160 2691 1195 2724 L
1227 2691 1266 2725 δὲ
1293 2690 1329 2724 Ρ
1402 2692 1492 2723 1018
1519 2690 1647 2723 λυπεῖν

84 2740 112 2782 γ’
138 2738 253 2773 Monk
362 2741 452 2773 1019
481 2737 601 2783 οὕνεχ’
627 2738 715 2773 libri
827 2742 915 2773 1021
943 2738 1107 2783 θρήϊκας
1132 2738 1161 2773 S
1184 2735 1279 2782 (ιόυς
1305 2748 1384 2781 sup.
1411 2749 1455 2776 ας
1481 2747 1547 2771 scr.
1576 2737 1599 2777 ἶ)

86 2790 174 2820 1022
201 2786 315 2832 ἔλθω]
342 2786 439 2820 ἔνθα
465 2786 501 2820 Β
536 2787 540 2829 Ι
575 2786 753 2831 βιστονῶν
780 2786 816 2820 Β
916 2789 1005 2820 1024
1032 2785 1142 2831 σοῖσι]
1172 2796 1229 2820 σοι
1254 2785 1289 2818 Β
1313 2786 1317 2827 Ι
1339 2783 1550 2827 πρόσπολον
1576 2783 1604 2818 S

86 2837 175 2890 1025
202 2834 345 2868 πολλῶν
373 2834 412 2868 δὲ
439 2831 593 2877 μόχθων
620 2829 711 2875 ἦλθε
732 2838 857 2877 χεῖρας
877 2833 929 2872 εἰς
949 2832 1037 2877 ἐμάς
1057 2832 1085 2867 S
1158 2835 1247 2866 1027
1270 2831 1386 2867 πόνου
1407 2831 1452 2877 S]
1475 2828 1591 2866 πόνον
1613 2831 1647 2864 Β

84 2894 208 2915 πονων
235 2893 255 2914 a
