1929 3208
790 168 954 201 ΕΛΕΝΠ
1582 161 1633 201 13

292 282 403 330 Ζεὺς
433 278 612 334 πρέπων
645 273 703 320 δι’
740 275 922 331 αἰθέρος
1500 282 1503 285 ·
1568 281 1635 310 215

288 352 528 406 χιονόχρως
558 350 725 391 κύκνου
756 352 915 403 πτερῷ·

291 423 336 464 τί
363 423 447 476 γὰρ
479 422 634 462 ἄπεστί
663 431 733 461 σοι
765 425 931 467 κακῶν;

288 494 386 534 τίνα
418 491 466 534 δὲ
498 492 649 545 βίοτον
682 490 762 532 οὐκ
794 490 936 538 ἔτλας;

289 564 429 618 μάτηρ
461 560 541 617 μὲν
573 565 750 615 οἴχεται,

293 634 456 687 δίδυμά
487 647 533 674 τε
566 632 676 681 Διὸς
1571 636 1638 666 220

292 704 373 746 οὐκ
404 703 661 757 εὐδαιμονεῖ
688 701 811 743 τέκεα
844 702 966 754 φίλα,

292 776 435 830 χθόνα
468 771 515 816 δὲ
547 773 731 828 πάτριον
764 771 843 826 οὐχ
877 771 996 826 ὁρᾷς,

294 846 366 887 διὰ
399 842 448 886 δὲ
479 845 638 893 πόλεας
671 844 840 897 ἔρχεται

291 916 428 970 βάξις,
459 916 486 956 ἅ
518 926 566 957 σε
598 914 861 968 βαρβάροισι

293 985 448 1041 λέχεσι,
479 987 649 1038 πότνια,
682 984 1004 1038 παραδίδωσιν,
1573 989 1641 1019 ‘225

293 1057 316 1099 ὁ
351 1055 398 1099 δὲ
431 1058 506 1106 σὸς
538 1055 586 1098 ἐν
619 1054 689 1097 ἁλὶ
721 1055 888 1109 κύμασί
915 1069 960 1095 τε
993 1052 1167 1096 λέλοιπε
1202 1053 1369 1106 βίοτον,

293 1127 402 1171 οὐδέ
429 1125 524 1170 ποτ’
562 1129 624 1169 ἔτι
656 1127 814 1180 πάτρια
847 1124 1048 1180 μέλαθρα

293 1198 365 1241 καὶ
396 1199 476 1241 τὰν
509 1200 775 1240 Χαλκίοικον
808 1197 982 1251 ὀλβιεῖς.

121 1320 213 1359 ΕΛ.
299 1323 385 1371 φεῦ
416 1322 516 1371 φεῦ,
548 1318 613 1367 τίς
643 1316 670 1370 ἢ
705 1318 898 1371 Φρυγῶν

294 1387 321 1442 ἢ
354 1389 418 1437 τίς
450 1388 676 1437 Ἑλλανίας
708 1386 792 1428 ἀπὸ
824 1387 990 1440 χθονὸς
1576 1393 1645 1423 230

297 1460 418 1513 ἔτεμε
449 1459 528 1500 τάν
562 1459 865 1513 δακρυόεσσαν
893 1454 1006 1512 Ἰλίῳ

296 1531 484 1580 πεύκαν;
517 1531 651 1571 ἔνθεν
684 1529 900 1583 ὀλόμενον

298 1601 466 1655 σκάφος
498 1601 778 1655 συναρμόσας

298 1671 321 1713 ὁ
354 1671 606 1726 Πριαμίδας
638 1673 819 1713 ἔπλευσε
853 1669 1061 1725 βαρβάρῳ
1093 1668 1234 1724 πλάτα

298 1743 379 1784 τὰν
411 1741 520 1796 ἐμὰν
552 1740 620 1796 ἐφ’
659 1740 821 1795 ἑστίαν,
1580 1748 1647 1777 v235

299 1811 369 1855 ἐπὶ
399 1814 448 1855 τὸ
482 1810 694 1868 δυστυχὲς

298 1883 470 1938 κάλλος,
503 1883 562 1934 ὡς
593 1883 685 1926 ἕλοι
717 1883 859 1938 γάμον
891 1882 1012 1937 ἐμόν,

302 1955 329 1995 ἅ
360 1970 405 1997 τε
438 1955 586 2005 δόλιος
619 1954 645 1996 ἁ
676 1956 948 2003 πολυκτόνος
978 1953 1151 2008 Κύπρις

307 2027 554 2076 Δαναΐδαις
585 2027 753 2080 ἄγουσα
784 2025 984 2067 θάνατον
1016 2023 1338 2080 [Πριαμίδαις].

305 2093 338 2138 ὦ
370 2096 553 2138 τάλαινα
586 2102 829 2152 συμφορᾶς.
1582 2104 1649 2134 240

222 2276 290 2306 215
303 2284 355 2316 sq.
377 2271 521 2307 inverso
542 2271 671 2306 ordine
691 2271 833 2306 habent
851 2272 941 2315 LG,
966 2271 1030 2306 sed
1050 2270 1169 2306 literis
1188 2273 1331 2305 rectum
1351 2270 1517 2305 ordinem
1538 2268 1652 2314 signi-

127 2325 253 2360 ficavit
279 2326 291 2359 l
382 2329 449 2360 216
476 2324 560 2360 fort.
588 2323 767 2372 χιονόχρῳ
860 2328 927 2358 218
954 2323 1037 2370 βίον
1057 2325 1102 2368 L,
1129 2323 1255 2370 βίοτον
1277 2324 1343 2367 ῐ6,
1370 2323 1453 2358 fort.
1480 2321 1622 2366 πότμον
1645 2322 1648 2366 Ι

128 2378 228 2423 ἔτλης
253 2378 343 2422 136,
370 2378 472 2418 ἔτλας
497 2379 509 2412 l
630 2382 695 2412 221
725 2379 953 2424 εὐδαιμονεῖ]
980 2377 1020 2413 ἐν
1045 2381 1091 2425 γᾷ
1119 2376 1219 2422 μένει
1244 2377 1468 2411 Herwerden
1503 2378 1506 2420 Ι
1541 2374 1651 2409 τέκνα

127 2432 217 2475 LG,
242 2430 348 2466 τέκεα
369 2432 381 2466 l
468 2432 539 2465 223
564 2430 700 2472 πολέας
718 2432 753 2466 L
780 2435 809 2475 (ε
836 2442 879 2466 ex
906 2445 918 2465 ι
944 2431 1058 2476 facto)
1084 2433 1122 2466 et
1143 2431 1176 2465 6
1267 2435 1335 2464 225
1359 2428 1505 2472 πότνια,
1532 2441 1652 2472 παρα-

129 2483 260 2519 δίδωσι
285 2483 401 2529 λέχεσι
421 2483 554 2518 Nauek
628 2488 694 2519 226
716 2484 778 2524 σὸς
797 2484 836 2519 ἐν
857 2484 887 2529 (ἐ
910 2484 954 2528 6,
981 2483 1020 2519 ἐν
1039 2485 1090 2530 9)]
1111 2482 1216 2524 πόσις
1235 2483 1407 2528 Hartung
1429 2485 1433 2527 Ι
1455 2482 1620 2517 λέλοιπεν
1642 2482 1654 2515 Z

227 2541 293 2572 228
320 2537 458 2583 ὀλβιοῖς
477 2537 567 2581 LG,
594 2537 727 2583 ὀλβιεῖς
745 2550 767 2583 9
864 2541 931 2571 229
951 2548 1130 2582 personae
1155 2539 1284 2572 notam
1311 2548 1378 2571 om.
1400 2536 1446 2579 L,
1472 2535 1510 2569 in
1536 2546 1652 2579 marg.

129 2602 195 2625 ser.
224 2589 424 2634 πρόσωπον
449 2591 516 2636 χρὴ
543 2588 639 2625 εἶναι
665 2590 831 2626 ἐνταῦθα
852 2591 864 2625 l
885 2591 890 2637 Ι
912 2589 951 2636 ἡ]
972 2590 1139 2634 Dindorf,
1165 2586 1211 2634 ἦν
1231 2590 1308 2624 LG
1398 2592 1466 2623 230
1487 2587 1655 2627 ἑλλανίας

129 2645 220 2688 LG,
247 2641 423 2678 ἑλλανίων
450 2644 462 2678 Ζ
559 2647 624 2678 231
653 2642 884 2687 δακρυόεσαν
911 2645 923 2678 l
1016 2648 1084 2678 234
1109 2645 1239 2678 πλευσε
1267 2644 1299 2678 6
1392 2646 1458 2677 236
1474 2653 1526 2685 sq.
1554 2641 1655 2676 delet

129 2697 290 2732 Dindorf
395 2700 462 2731 236
489 2695 778 2742 δυστυχέστατον
797 2697 886 2741 LG,
913 2695 1087 2742 δυστυχὲς
1113 2697 1134 2730 l.
1178 2695 1303 2730 Verba
1329 2694 1389 2729 ἐπὶ
1413 2694 1454 2729 τὸ
1480 2693 1655 2740 δυστυχὲς

129 2750 260 2790 κάλλος
286 2761 330 2784 ex
356 2762 386 2785 v,
411 2753 454 2784 27
481 2749 590 2784 illata
615 2749 787 2784 videntur
884 2754 950 2784 237
978 2749 1106 2795 γάμων
1132 2749 1227 2793 ἐμῶν
1254 2749 1343 2792 LG,
1369 2747 1489 2793 γάμον
1516 2747 1605 2791 ἐμὸν
1631 2748 1654 2791 l,

130 2804 213 2838 fort.
242 2803 381 2849 γάμους
408 2800 518 2847 ἐμούς
621 2807 688 2837 238
715 2803 739 2837 ἅ
764 2803 818 2849 τε]
844 2802 1040 2848 Mammiae,
1066 2802 1090 2837 ἁ
1116 2802 1157 2837 δὲ
1183 2802 1260 2837 LG
1283 2804 1287 2846 Ι
1310 2801 1334 2835 ἁ
1358 2801 1584 2841 πολύκτονος
1608 2801 1655 2845 L,

130 2856 382 2896 ἀπολύκτονος
409 2856 443 2891 6
563 2860 631 2891 239
659 2855 836 2896 δαναΐδες
864 2856 897 2891 6
926 2856 931 2902 Ι
958 2854 1179 2900 πριαμίδαις
1203 2854 1293 2899 LG,
1324 2852 1544 2899 πριαμίδαις
1566 2866 1605 2890 τε
1632 2855 1654 2899 Ι,

131 2909 269 2945 delevit
293 2909 427 2945 Nauck
524 2913 593 2945 240
618 2908 757 2946 lineola
781 2909 945 2955 praefixa
969 2908 1008 2944 in
1034 2910 1069 2944 L
