1929 3208
794 149 1021 182 HAEKTPA
1614 147 1663 187 41

326 258 488 313 ἄλοχον
520 256 719 308 κολάζειν
750 253 965 311 προδότιν
997 255 1076 298 οὐκ
1108 255 1332 310 ἠπίστατο,

326 329 497 371 τούτων
529 327 649 370 ἕκατι
679 324 804 370 παῖδ’
835 326 944 382 ἐμὴν
976 328 1198 370 διώλεσεν.

329 397 418 452 [ἐπὶ
448 400 598 442 τοῖσδε
629 401 784 442 τοίνυν
815 400 969 453 καίπερ
1001 397 1243 454 ἠδικημένη
1338 407 1341 409 “
1582 410 1672 439 1030

327 470 408 513 οὐκ
439 470 668 526 ἠγριώμην
700 468 796 512 οὐδ’
827 469 883 512 ἂν
915 471 1099 512 ἔκτανον
1129 469 1282 512 πόσιν·

328 537 424 583 ἀλλ’
453 538 558 595 ἦλθ’
588 543 700 597 ἔχων
732 556 807 596 μοι
838 537 1016 596 μαινάδ’
1047 542 1208 583 ἔνθεον
1239 539 1376 595 κόρην

327 610 521 666 λέκτροις
552 609 589 653 τ’
620 610 920 666 ἐπεισέφρηκε,
953 610 1025 653 καὶ
1056 611 1208 666 νύμφα
1242 611 1323 652 δύο

327 683 375 725 ἐν
406 690 551 725 τοῖσιν
582 683 732 732 αὐτοῖς
764 683 964 737 δώμασιν
995 680 1155 737 κατεῖχ’
1186 682 1309 737 ὁμοῦ.

326 762 477 809 μῶρον
507 751 588 809 μὲν
620 750 702 796 οὖν
733 761 954 808 γυναῖκες,
986 753 1068 796 οὐκ
1099 754 1240 803 ἄλλως
1272 751 1402 807 λέγω·
1583 765 1671 794 1⁰35

327 825 432 867 ὅταν
465 822 525 878 δ’,
557 823 749 875 ὑπόντος
779 822 924 879 τοῦδ’,
956 823 1183 880 ἁμαρτάνῃ
1215 821 1342 874 πόσις

325 895 490 937 τᾶνδον
520 895 728 950 παρώσας
758 895 932 950 λέκτρα,
962 898 1193 951 μιμεῖσθαι
1225 893 1349 937 θέλει

326 966 438 1020 γυνὴ
470 966 549 1008 τὸν
580 966 724 1020 ἄνδρα
755 965 942 1020 χᾶτερον
974 966 1162 1007 κτᾶσθαι
1194 966 1340 1019 φίλον.

324 1033 488 1079 κᾶπειτ’
519 1035 567 1079 ἐν
598 1036 704 1091 ἡμῖν
736 1035 759 1078 ὁ
791 1035 929 1090 ψόγος
960 1036 1272 1091 λαμπρύνεται,

326 1110 371 1149 οἵ
399 1103 438 1150 δ’
470 1111 604 1150 αἴτιοι
634 1105 764 1150 τῶνδ’
797 1107 851 1149 οὐ
883 1105 1065 1150 κλύουσ’
1095 1108 1256 1162 ἄνδρες
1286 1109 1458 1160 κακῶς]
1584 1118 1674 1148 1040

325 1179 366 1220 εἰ
396 1175 436 1220 δ’
467 1178 512 1221 ἐκ
545 1176 695 1234 δόμων
725 1179 923 1234 ἥρπαστο
955 1176 1190 1228 Μενέλεως
1221 1178 1381 1234 λάθρᾳ,

324 1257 501 1293 κτανεῖν
533 1246 580 1306 μ’
606 1248 812 1305 Ὀρέστην
842 1256 968 1306 χρῆν,
1000 1250 1268 1304 κασιγνήτης
1299 1251 1433 1291 πόσιν

325 1320 562 1364 Μενέλαον
594 1321 654 1371 ὡς
685 1322 894 1375 σώσαιμι;
928 1322 1005 1370 σὸς
1038 1318 1086 1362 δὲ
1117 1328 1208 1370 πῶς
1240 1321 1382 1375 πατὴρ

325 1389 518 1447 ἠνέσχετ’
549 1391 604 1433 ἂν
635 1390 774 1442 ταῦτ’;
809 1389 902 1434 εἶτα
933 1393 1012 1434 τὸν
1043 1389 1124 1446 μὲν
1156 1391 1211 1433 οὐ
1241 1395 1403 1433 θανεῖν

325 1464 554 1505 κτείνοντα
579 1469 690 1518 χρῆν
715 1460 833 1518 τᾶμ’,
860 1460 934 1517 ἐμὲ
961 1460 1009 1505 δὲ
1034 1463 1145 1516 πρὸς
1169 1463 1320 1504 κείνου
1346 1465 1529 1511 παθεῖν;
1585 1472 1674 1503 1045

328 1530 501 1587 ἔκτειν’,
534 1532 758 1589 ἐτρέφθην
789 1534 927 1588 ἥνπερ
958 1530 1014 1587 ἠν
1045 1534 1319 1587 πορεύσιμον

329 1606 437 1659 πρὸς
467 1606 572 1655 τοὺς
602 1604 753 1662 ἐκείνῳ
785 1606 1034 1658 πολεμίους.
1096 1607 1242 1660 φίλων
1273 1605 1356 1658 γὰρ
1389 1603 1444 1646 ἂν

327 1677 392 1725 τίς
423 1675 478 1717 ἂν
509 1677 672 1731 πατρὸς
704 1682 786 1718 σοῦ
819 1677 964 1730 φόνον
996 1675 1264 1730 ἐκοινώνησέ
1294 1691 1388 1730 μοις

328 1744 437 1800 λέγ’,
470 1750 514 1788 εἴ
538 1762 580 1788 τι
610 1744 795 1802 χρῄζεις,
826 1746 1033 1796 κάντίθες
1064 1748 1300 1803 παρρησίᾳ,

326 1817 443 1867 ὅπως
472 1816 662 1872 τέθνηκε
694 1817 771 1867 σὸς
801 1818 943 1873 πατὴρ
977 1817 1058 1859 οὐκ
1090 1816 1282 1867 ἐνδίκως.
1584 1829 1674 1859 1050

179 1891 264 1930 XO.
327 1889 456 1942 δίκην
488 1888 651 1939 ἔλεξας·
683 1887 710 1942 ἡ
743 1889 842 1943 δίκη
877 1885 916 1930 δ’
947 1889 1136 1944 αἰσχρῶς
1168 1890 1265 1943 ἔχει.

327 1966 516 2013 γυναῖκα
547 1959 631 2013 γὰρ
663 1960 744 2014 χρὴ
776 1960 918 2002 πάντα
950 1966 1198 2015 συγχωρεῖν
1228 1961 1370 2013 πόσει,

326 2030 420 2084 ἥτις
451 2031 695 2085 φρενήρης·
730 2024 755 2086 ᾗ
788 2028 836 2072 δὲ
868 2031 925 2085 μὴ
960 2032 1084 2073 δοκεῖ
1111 2031 1230 2085 τάδε,

327 2097 424 2143 οὐδ’
455 2102 516 2152 εἰς
547 2101 743 2157 ἀριθμὸν
774 2109 863 2144 τῶν
895 2101 1011 2157 ἐμῶν
1042 2103 1137 2157 ’ἥκει
1168 2104 1326 2157 λόγων.

168 2174 265 2213 ΗΛ.
328 2170 539 2227 μέμνησο,
572 2178 720 2227 μῆτερ,
755 2172 832 2223 οὓς
864 2172 1010 2224 ἔλεξας
1041 2173 1257 2223 ὑστάτους
1585 2185 1674 2215 1055

327 2244 500 2298 λόγους,
533 2244 720 2286 διδοῦσα
752 2245 861 2299 πρὸς
893 2243 945 2286 σέ
973 2260 1048 2299 μοι
1079 2246 1341 2298 παρρησίαν.

245 2363 336 2395 1030
360 2358 510 2407 τοίνυν]
537 2359 688 2405 Cantor,
716 2373 772 2396 τοι
797 2366 866 2396 νῦν
891 2361 970 2396 LG
1030 2364 1262 2396 1030-1040
1289 2360 1428 2396 delevit
1447 2360 1578 2395 Vitelli

152 2416 239 2446 1031
277 2413 486 2460 ἠγριώμην]
522 2413 671 2458 Nauck,
707 2413 911 2459 ἠγριούμην
937 2415 1016 2450 LG
1138 2418 1203 2448 1373
1240 2414 1316 2449 δύω
1349 2416 1438 2449 mut.
1467 2414 1504 2447 in
1532 2414 1599 2448 δύο
1628 2415 1673 2456 L,

150 2465 226 2499 δύω
248 2465 281 2500 G
380 2470 470 2501 1034
495 2473 613 2502 τοῖσιν
639 2467 780 2513 αὐτοῖς]
807 2466 959 2511 Cantor,
986 2473 1064 2507 τοῖς
1088 2467 1231 2502 αὐτοῖσι
1258 2468 1336 2502 LG
1371 2469 1375 2512 l
1416 2468 1557 2510 δώμασι
1585 2468 1674 2509 LG,

151 2518 316 2561 δώμασιν
340 2530 363 2564 9
402 2519 406 2564 Ι
452 2519 591 2565 κατεῖχ’
616 2520 707 2564 ὁμοῦ
733 2520 882 2564 DaweS,
909 2519 1126 2566 κατείχομεν
1152 2521 1230 2556 LG·
1352 2524 1442 2555 1038
1476 2518 1509 2564 χ’
1541 2519 1674 2562 ἅτερον

150 2570 240 2613 LG,
268 2570 331 2605 sed
358 2570 422 2616 χά
442 2571 481 2606 in
500 2583 569 2607 ras.
592 2584 658 2607 scr.
681 2573 693 2607 l
710 2574 713 2618 j
733 2571 843 2617 φίλον
859 2573 893 2608 G
913 2576 950 2608 et
969 2573 1007 2607 in
1027 2585 1142 2618 marg.
1159 2574 1204 2616 L,
1231 2573 1329 2607 unde
1351 2574 1362 2607 l
1386 2572 1424 2606 in
1451 2575 1594 2607 textum
1620 2572 1674 2606 in-

150 2623 238 2657 tulit
271 2634 375 2658 eraso
402 2635 444 2658 eo
477 2625 576 2668 quod
602 2626 636 2660 L
669 2625 868 2670 scripserat
900 2626 1006 2671 (fort.
1033 2624 1161 2670 πόσιν)
1304 2630 1394 2660 1044
1430 2624 1599 2670 ἠνέσχετο
1627 2623 1674 2659 ἂν

149 2682 264 2711 ταῦτα
291 2678 337 2720 L,
363 2675 523 2722 ἠνέσχετ’
549 2676 596 2712 ἂν
622 2677 724 2712 ταῦτ’
755 2679 810 2713 IG
932 2683 1022 2714 1045
1049 2677 1244 2714 κτείναντα
1271 2678 1455 2713 Matthiae
1479 2680 1482 2718 Ι
1505 2678 1601 2722 τᾶμα
1628 2679 1674 2721 L,

149 2728 233 2774 τᾶμ’
258 2730 312 2765 {G
412 2734 501 2765 1046
523 2730 665 2765 ἔκτεινα
685 2732 730 2774 L,
757 2730 886 2766 ἔκτειν’
912 2732 966 2767 lG
1041 2735 1131 2766 1048
1153 2730 1288 2777 φόνον]
1314 2730 1425 2766 τῶνδ’
1449 2731 1674 2765 Herwerden

246 2786 334 2817 1051
363 2784 442 2818 XO.
463 2785 501 2817 et
528 2787 617 2817 1055
640 2784 736 2829 HA]
762 2784 976 2818 Jacobsium
996 2787 1145 2820 secutus
1166 2784 1332 2829 Campor,
1363 2787 1547 2818 1051—56
1568 2783 1672 2818 Elec-

149 2837 229 2870 trae
255 2835 427 2870 tribuunt
452 2836 529 2871 LG
652 2840 739 2870 1051
775 2835 904 2883 δίκην]
937 2837 1086 2881 Nauck,
1119 2836 1231 2872 δίκαι’
1263 2838 1341 2872 LG
1465 2840 1554 2871 1052
1588 2836 1671 2882 χρὴ]

148 2887 343 2933 Matthiae,
371 2894 462 2934 χρῆν
488 2889 565 2924 LG
665 2893 754 2924 1053
784 2884 822 2936 ᾖ]
850 2889 996 2935 Reiskc‚
1023 2891 1055 2925 εἰ
1080 2890 1159 2926 LG·
