1929 3208
789 141 873 174 ΙΩΝ
1539 141 1590 182 61

284 250 473 291 ἄελπτον
506 246 619 291 εἶναι
651 249 759 304 πρὸς
791 249 842 290 τὰ
873 249 1148 303 τυγχάνοντα
1180 255 1276 292 νῦν.

70 322 195 362 ΙΩΝ.
282 317 315 362 ὦ
348 322 654 374 μεταβαλοῦσα
686 321 873 374 μυριόυς
904 320 989 373 ἤδη
1022 322 1195 374 βροτῶν

281 389 352 433 καὶ
385 392 655 446 δυστυχῆσαι
688 387 847 440 καῦθις
879 386 935 432 αὖ
967 390 1125 445 πρᾶξαι
1157 395 1299 440 καλῶς

280 462 401 516 τύχη,
434 459 537 517 παρ’
572 462 671 504 οἵαν
703 463 901 516 ἤλθομεν
937 462 1141 516 στάθμην
1173 463 1275 516 βίου

281 532 443 588 μητέρα
477 539 690 587 φονεῦσαι
723 531 794 574 καὶ
826 536 988 574 παθεῖν
1021 531 1187 583 ἀνάξια.
1504 544 1593 574 1515

280 610 382 658 φεῦ·

281 672 350 729 ἆρ’
389 674 436 717 ἐν
469 682 682 729 φαενναῖς
713 674 842 729 ἡλίου
873 681 1157 729 περιπτυχαῖς

281 748 422 788 ἔνεστι
454 747 595 788 πάντα
627 746 728 788 τάδε
761 744 862 788 καθ’
900 744 1068 800 ἡμέραν
1100 749 1282 800 μαθεῖν;

279 819 411 872 φίλον
445 814 524 872 μὲν
556 813 638 860 οὗν
671 813 711 858 σ’
747 817 931 872 εὕρημα,
963 823 1111 871 μῆτερ,
1143 816 1351 872 ηὕρομεν,

279 887 350 931 καὶ
382 889 430 930 τὸ
463 887 591 942 γένος
623 886 755 930 οὐδὲν
787 889 981 943 μεμπτόν
1014 885 1110 929 ἐσθ’
1148 887 1255 942 ἡμῖν
1287 888 1406 929 τόδε·

281 961 333 1002 τὰ
366 958 405 1001 δ’
443 961 553 1002 ἄλλα
584 961 693 1015 πρὸς
724 957 772 1001 σε
805 959 1021 1014 βούλομαι
1053 960 1196 1013 μόνην
1228 958 1407 1014 φράσαι.
1506 971 1594 1001 1520

282 1027 401 1087 δεῦρ’
440 1029 559 1073 ἔλθ’·
591 1030 635 1081 ἐς
667 1027 744 1081 οὖς
776 1043 847 1073 σοι
878 1031 981 1080 τοὺς
1013 1031 1173 1084 λόγους
1205 1031 1343 1072 εἰπεῖν
1375 1030 1494 1072 θέλω

282 1101 353 1145 καὶ
385 1103 679 1158 περικαλύψαι
710 1109 824 1145 τοῖσι
856 1102 1079 1157 πράγμασι
1112 1103 1282 1144 σκότον.

281 1174 362 1229 ὅρα
395 1175 464 1228 σύ,
497 1180 644 1229 μῆτερ,
677 1174 734 1228 μὴ
769 1169 966 1228 σφαλεῖσ’
1004 1172 1029 1214 ἃ
1062 1171 1305 1228 παρθένοις

280 1245 524 1300 ἐγγίγνεται
557 1242 765 1300 νοσήματ’
803 1244 846 1295 ἐς
878 1246 1098 1300 κρυπτοὺς
1129 1245 1312 1300 γάμους,

281 1318 426 1359 ἔπειτα
458 1318 517 1374 τῷ
550 1320 642 1373 θεῷ
675 1320 932 1372 προστιθεῖς
963 1316 1043 1370 τὴν
1076 1316 1235 1370 αἰτίαν,
1505 1327 1594 1357 1525

280 1387 351 1430 καὶ
383 1388 549 1443 τούμὸν
582 1389 764 1443 αἰσχρὸν
798 1387 1043 1443 ἀποφυγεῖν
1075 1385 1338 1443 πειρωμένη,

283 1461 433 1516 Φοίβῳ
465 1467 606 1502 τεκεῖν
639 1474 689 1514 με
722 1460 822 1515 φής,
854 1456 1026 1501 τεκοῦσ’
1064 1458 1144 1500 οὐκ
1177 1457 1223 1500 ἐκ
1255 1463 1379 1500 θεοῦ.

69 1533 156 1573 KP.
285 1532 343 1585 μὰ
374 1532 455 1585 τὴν
485 1532 846 1585 παρασπίζουσαν
878 1530 1069 1585 ἅρμασίν
1101 1544 1204 1571 ποτε

284 1604 426 1657 Νίκην
454 1600 649 1644 Ἀθάναν
684 1600 792 1656 Ζηνὶ
824 1608 1023 1656 γηγενεῖς
1056 1603 1140 1655 ἔπι,

281 1674 362 1716 οὐκ
393 1675 512 1715 ἔστιν
544 1673 665 1723 οὔτις
697 1685 766 1715 σοι
799 1673 939 1728 πατὴρ
972 1676 1166 1726 θνητῶν,
1201 1670 1371 1725 τέκνον,
1505 1683 1594 1713 1530

281 1742 374 1787 ἀλλ’
414 1745 548 1799 ὅσπερ
582 1743 790 1799 ἐξέθρεψε
823 1743 985 1795 Λοξίας
1017 1743 1137 1793 ἅναξ.

67 1819 195 1858 ΙΩΝ.
281 1823 371 1865 πῶς
403 1812 485 1858 οὖν
516 1817 594 1858 τὸν
627 1815 764 1857 αὑτοῦ
795 1815 922 1857 παῖδ’
956 1813 1083 1857 ἔδωκ’
1118 1815 1236 1871 ἄλλῳ
1268 1813 1399 1869 πατρὶ

280 1887 464 1934 Ξούθου
495 1903 540 1929 τε
572 1885 680 1942 φησὶ
712 1886 848 1929 παῖδά
879 1884 923 1941 μ’
960 1885 1272 1941 ἐκπεφυκέναι;

71 1961 154 2000 ΚΡ.
282 1957 526 2014 πεφυκέναι
558 1956 638 2013 μὲν
672 1958 784 2013 οὐχί,
819 1959 1024 2011 δωρεῖται
1057 1957 1109 1999 δέ
1138 1969 1185 1999 σε

281 2029 418 2072 αὑτοῦ
449 2037 635 2084 γεγῶτα·
668 2027 740 2070 καὶ
770 2030 854 2084 γὰρ
887 2027 941 2070 ἂν
973 2030 1103 2084 φίλος
1134 2030 1249 2086 φίλῳ
1504 2039 1593 2069 1535

282 2102 380 2155 δοίη
413 2101 490 2143 τὸν
523 2100 660 2142 αὑτοῦ
691 2100 827 2142 παῖδα
860 2100 1077 2155 δεσπότην
1109 2100 1270 2154 δόμων.

70 2174 194 2214 ΙΩΝ.
281 2173 321 2214 εἰ
349 2173 456 2222 θεὸς
487 2171 657 2227 ἀληθὴς
687 2171 713 2226 ἢ
746 2171 887 2226 μάτην
919 2171 1190 2226 μαντεύεται,

166 2365 255 2395 1513
276 2358 404 2401 minag
423 2361 502 2395 LP
521 2362 526 2406 1
549 2358 612 2407 αὖ]
634 2360 798 2405 Pierson,
820 2356 858 2394 εὖ
873 2359 952 2394 LP
1031 2362 1120 2393 1515
1142 2361 1336 2404 suspectus
1419 2363 1508 2393 1516
1531 2357 1590 2402 ἄρ’

69 2414 148 2448 LP
167 2416 171 2458 l
193 2412 315 2460 ἡλίου]
336 2412 490 2457 αἰθέρος
502 2414 672 2448 Badham
747 2417 837 2448 1518
858 2411 1012 2457 εὕρομεν
1027 2413 1105 2446 LP
1178 2418 1267 2447 1519
1289 2411 1390 2458 ἐσθ’]
1412 2412 1593 2457 Harfflng,

70 2469 117 2507 ὡς
136 2467 216 2500 LP
294 2470 381 2501 1521
405 2478 461 2501 σοι
488 2467 600 2501 schol.
622 2467 757 2501 Phoen.
781 2470 859 2510 911,
887 2466 955 2511 γὰρ
976 2466 1062 2501 LP.
1115 2465 1234 2500 Schol.
1262 2466 1300 2499 in
1320 2465 1507 2510 Aristoph.
1528 2466 1593 2500 Av.

71 2522 160 2552 1647
181 2518 297 2553 habet
322 2518 423 2563 δεῦρ’
449 2518 550 2554 ἐλθέ·
573 2520 639 2553 σὺν
659 2520 716 2554 σοὶ
742 2519 852 2554 τᾶλλα
879 2519 1056 2565 βούλομαι
1084 2518 1237 2564 φράσαι,
1258 2519 1354 2552 unde
1375 2529 1481 2552 versu
1504 2522 1594 2552 1520

71 2571 194 2606 deleto
214 2571 274 2606 hie
295 2571 331 2611 ἐς
357 2570 420 2612 οὖς
446 2583 502 2606 σοι
529 2572 639 2606 τᾶλλα
666 2573 843 2618 βούλομαι
870 2571 1011 2616 φράσαι
1031 2571 1162 2606 scribit
1182 2572 1299 2607 Cobet
1373 2575 1463 2605 1522
1483 2571 1593 2617 τοῖσι]

70 2626 126 2660 ed.
154 2624 426 2669 Brubachiana‚
453 2631 531 2665 τοῖς
556 2625 634 2659 LP
772 2630 861 2660 1523
889 2624 1053 2670 σφαλεῖσ’
1084 2624 1108 2659 ἃ
1134 2624 1356 2670 παρθένοις]
1382 2624 1592 2669 Musgrave,

71 2681 248 2723 σφαλεῖσα
274 2677 465 2722 παρθένος
490 2679 569 2713 LP
677 2682 767 2712 1524
793 2677 975 2724 ἐγγίνεται
1000 2679 1080 2713 LP
1193 2682 1282 2712 1525
1307 2679 1522 2721 προστιθεῖς
1546 2678 1593 2721 L,

69 2732 284 2776 προστιθεὶς
310 2732 354 2775 Ρ,
383 2729 589 2776 προστίθης
614 2731 776 2776 Elmsley
899 2735 989 2766 1528
1015 2731 1147 2776 ἅρμασι
1178 2731 1228 2774 L,
1260 2730 1420 2775 ἅρμασιν
1446 2730 1503 2764 lP

73 2789 162 2820 1529
190 2783 370 2830 Ἀθάναν]
403 2784 604 2828 Matthiae,
637 2785 790 2829 ἀθηνᾶν
821 2785 900 2819 LP
1019 2789 1108 2819 1530
1135 2784 1249 2830 οὔτις]
1275 2784 1463 2828 Hartung‚
1496 2782 1594 2824 ὅστις

71 2838 150 2872 LP
269 2842 357 2872 1532
385 2838 499 2872 αὐτοῦ
525 2838 562 2872 Ρ
682 2842 771 2872 1533
798 2837 835 2872 τὲ
860 2839 912 2881 L,
945 2838 984 2873 δὲ
1012 2839 1048 2873 Ρ
1168 2841 1256 2871 1535
1283 2838 1397 2872 αὐτοῦ
1424 2837 1502 2871 LP

73 2894 162 2925 1536
189 2892 302 2926 αὐτοῦ
329 2891 366 2925 P
463 2894 552 2925 1537
581 2891 628 2937 εἰ]
655 2891 806 2936 Reiske,
834 2891 853 2926 ὁ
879 2891 959 2926 LP
