1929 3208
847 184 1007 216 ΕΚΛΒιι
1630 182 1684 223 27

345 291 434 334 ἐπεὶ
469 291 506 334 δ’
538 292 678 347 ἀφῆκε
708 298 878 346 πνεῦμα
909 293 1143 347 θανασίμῳ
1176 296 1344 346 σφαγῇ,

345 362 491 413 οὐδεὶς
521 364 598 405 τὸν
630 363 766 405 αὐτὸν
798 359 912 418 εἶχεν
940 358 1148 416 Ἀργείων
1179 364 1337 403 πόνον·

345 433 437 475 ἀλλ’
471 437 517 476 οἳ
544 432 624 489 μὲν
656 434 802 476 αὐτῶν
833 435 913 489 τὴν
945 438 1179 476 θανοῦσαν
1211 432 1257 475 ἐκ
1289 441 1429 487 χερῶν

344 506 529 559 φύλλοις
561 507 767 560 ἔβαλλον,
800 507 847 547 οἳ
875 503 922 546 δὲ
954 508 1201 559 πληροῦσιν
1232 505 1378 557 πυρὰν

345 578 536 631 κορμοὺς
568 575 780 631 φέροντες
809 578 1066 629 πευκίνους,
1098 576 1120 618 ὁ
1154 574 1192 617 δ’
1225 575 1278 617 οὐ
1311 574 1460 630 φέρων
1619 587 1684 616 :375

347 648 455 701 πρὸς
486 653 566 689 τοῦ
598 646 812 701 φέροντος
843 645 981 688 τοιάδ’
1013 648 1174 700 ἤκουεν
1205 646 1333 688 κακά·

344 719 544 774 ἕστηκας,
578 716 611 760 ὦ
643 718 836 771 κάκιστε,
869 723 920 772 τῇ
951 718 1123 759 νεάνιδι

346 791 399 833 οὐ
430 789 619 832 πέταλον
651 785 756 830 οὐδὲ
787 788 955 842 κορμὸν
987 787 1034 829 ἐν
1066 795 1214 843 χεροῖν
1247 789 1378 843 ἕχων;

343 861 423 904 οὐκ
455 857 496 903 εἶ
523 875 565 901 τι
598 860 755 900 δώσων
785 864 836 913 τῇ
868 855 1041 911 περίσσ’
1073 858 1289 915 εὐκαρδίῳ

345 932 492 986 ψυχήν
522 928 558 971 τ’
590 929 765 984 ἀρίστῃ;
798 927 939 970 τοιάδ’
969 927 1080 984 ἀμφὶ
1113 934 1191 982 σῆς
1222 930 1371 971 κλύων
1620 942 1687 971 580

344 1003 500 1052 παιδὸς
530 1001 758 1054 θανούσης
789 1000 1114 1054 εὐτεκνωτάτην
1147 999 1258 1053 λέγω

341 1081 494 1115 πασῶν
526 1079 770 1127 γυναικῶν,
805 1071 1157 1126 δυστυχεστάτην
1189 1070 1241 1113 δέ
1269 1083 1327 1113 σε.

192 1148 279 1188 ΧΟ.
342 1146 490 1187 δεινόν
522 1159 563 1185 τι
593 1149 712 1198 πῆμα
745 1143 1015 1197 Πριαμίδαις
1046 1141 1244 1193 ἐπέζεσεν

340 1217 465 1257 πόλει
495 1230 540 1257 τε
571 1214 684 1269 τήμῇ
715 1217 836 1255 θεῶν
869 1213 1131 1267 ἀνάγκαισιν
1161 1215 1274 1256 τόδε.

190 1289 282 1330 ΕΚ.
343 1284 377 1328 ὦ
409 1286 626 1340 θύγατερ,
660 1284 741 1327 οὐκ
773 1281 858 1326 οἷδ’
888 1285 949 1334 εἰς
982 1284 1005 1326 ὅ
1036 1300 1077 1326 τι
1110 1283 1258 1339 βλέψω
1291 1293 1457 1338 κακῶν,
1619 1296 1686 1325 585

343 1360 520 1399 πολλῶν
550 1357 803 1410 παρόντων·
836 1355 892 1409 ἢν
924 1356 1007 1409 γὰρ
1041 1355 1223 1409 ἅψωμαί
1250 1372 1389 1410 τινος,

341 1427 431 1471 τόδ’
465 1428 546 1470 οὐκ
577 1427 626 1484 ἐᾷ
659 1443 730 1481 με,
763 1430 1010 1482 παρακαλεῖ
1039 1425 1078 1468 δ’
1109 1425 1282 1469 ἐκεῖθεν
1315 1424 1371 1469 αὖ

344 1500 457 1553 λύπη
490 1514 554 1548 τις
585 1498 693 1550 ἄλλη
729 1497 938 1552 διάδοχος
968 1505 1114 1538 κακῶν
1147 1505 1307 1548 κακοῖς.

343 1568 414 1612 καὶ
446 1575 531 1611 νῦν
562 1569 610 1610 τὸ
643 1565 722 1622 μὲν
756 1568 836 1609 σὸν
869 1568 978 1610 ὥστε
1011 1569 1068 1622 μὴ
1102 1568 1273 1611 στένειν
1304 1570 1449 1619 πάθος

344 1641 424 1683 οὐκ
457 1639 511 1681 ἂν
544 1640 767 1693 δυναίμην
798 1638 1112 1689 ἐξαλείψασθαι
1145 1642 1330 1693 φρενός·
1619 1652 1686 1682 590

343 1713 391 1754 τὸ
424 1708 464 1753 δ’
495 1707 551 1752 αὖ
582 1712 682 1752 λίαν
714 1713 916 1762 παρεῖλες
947 1709 1214 1764 ἀγγελθεῖσοὲ
1246 1727 1320 1766 μοι

343 1789 557 1837 γενναῖος.
615 1782 781 1823 οὔκουν
814 1781 983 1834 δεινόν,
1017 1782 1058 1823 εί
1086 1787 1140 1836 γῆ
1174 1779 1254 1836 μὲν
1285 1782 1393 1837 κακὴ

344 1860 535 1909 τυχοῦσα
567 1858 723 1907 καιροῦ
755 1854 924 1894 θεόθεν
957 1848 1006 1894 εὖ
1039 1853 1203 1907 στάχυν
1236 1853 1380 1908 φέρει,

342 1926 504 1981 χρηστὴ
538 1923 578 1967 δ’
610 1920 848 1978 ἁμαρτοῦσ’
879 1920 941 1966 ὧν
973 1925 1115 1978 χρεὼν
1148 1925 1286 1979 αὐτὴν
1317 1932 1466 1980 τυχεῖν

347 1997 482 2039 κακὸν
514 1997 672 2038 δίδωσι
704 1997 892 2049 καρπόν,
926 1995 1159 2049 ἅνθρωποι
1191 1994 1231 2038 δ’
1261 1995 1328 2038 ἀεὶ
1621 2009 1688 2038 595

167 2131 385 2176 κακόζηλον,
420 2129 509 2174 ὅπερ
543 2128 754 2171 κακίζουσιν
786 2128 821 2163 οἱ
848 2128 1146 2175 ὀβελίζοντες,
1179 2130 1279 2164 deleb
1304 2141 1452 2165 versum
1478 2131 1653 2166 VVheeler
1682 2133 1684 2139 ¹

165 2183 365 2229 κρύπτουσ’
391 2184 424 2220 G
450 2183 530 2231 (sic)
557 2195 639 2218 cum
666 2181 871 2226 Clemente,
904 2182 1155 2227 Hermogene,
1188 2183 1387 2218 Eusthatio
1415 2183 1452 2218 in
1479 2183 1518 2219 Il.
1546 2197 1580 2229 p.
1603 2185 1687 2232 216]

167 2239 378 2282 κρύπτουσα
403 2236 448 2273 θ’
472 2238 512 2272 Ε
541 2237 716 2280 κρύπτειν
741 2233 785 2271 θ’
811 2244 916 2280 (ovea
943 2248 1022 2280 sup.
1050 2249 1105 2271 ειν
1133 2248 1198 2271 scr.
1226 2249 1273 2272 m.
1298 2242 1333 2281 1⁷
1367 2248 1474 2273 rescr.
1504 2237 1549 2272 al.
1578 2239 1638 2281 ιιι.)
1666 2250 1686 2272 (ι

167 2292 340 2336 κρύπτειν
365 2290 408 2326 θ’
435 2304 452 2327 ν
478 2290 590 2325 schol.
618 2291 670 2325 B:
698 2289 910 2334 κρύπτουσα
937 2288 960 2323 ἃ
987 2290 1054 2335 χρὴ
1081 2289 1129 2334 μὴ
1156 2289 1303 2336 βλέπειν
1330 2291 1415 2330 τοὺς
1440 2297 1513 2325 τῶν
1539 2291 1688 2334 ἀνδρῶν

166 2345 386 2390 ὀφθαλμούς
420 2347 424 2390 1
459 2345 591 2391 χρεών]
618 2343 727 2389 ἐχρῆν
754 2342 921 2378 Clemens
1037 2347 1104 2378 574
1131 2342 1171 2378 δὲ
1197 2346 1375 2388 πληροῦσι
1401 2343 1488 2378 libri
1515 2342 1550 2378 δ’
1583 2344 1686 2388 ἐπλη-

166 2404 304 2442 ροῦσαν
342 2398 618 2433 Choeroboscus
644 2397 676 2431 H
709 2409 743 2441 p.
773 2400 839 2431 537
879 2396 1053 2441 (Bekkeri
1093 2398 1159 2431 An.
1187 2397 1236 2430 III
1274 2410 1309 2441 p.
1343 2401 1431 2431 1293
1467 2397 1583 2432 Cram.
1619 2399 1686 2431 An.

167 2452 232 2487 Ox,
259 2452 308 2486 IV
333 2464 367 2496 p.
391 2453 470 2496 182)
570 2455 636 2485 575
663 2448 876 2485 πευκίνουσ’
901 2452 936 2485 A
1035 2454 1102 2484 576
1128 2450 1240 2493 ἤκουε
1262 2451 1339 2485 BL
1438 2454 1505 2485 578
1532 2449 1688 2485 πέταλον

167 2504 253 2539 οὐδὲ
285 2505 423 2549 κορμὸν
450 2504 572 2550 Bergk
605 2503 757 2548 (κορμὸν
788 2503 863 2538 iam
890 2503 1049 2550 Schotffl]
1078 2502 1220 2538 πέπλον
1252 2502 1339 2538 οὐδὲ
1366 2501 1504 2547 κόσμον
1530 2503 1615 2537 libri

167 2562 235 2593 580
261 2557 380 2592 κλύων
407 2557 552 2604 scripsi]
579 2555 692 2602 λέγων
718 2558 833 2592 Aabs
858 2555 964 2602 λέγον
989 2556 1120 2592 rA²a²
1217 2560 1282 2591 581
1312 2556 1578 2600 εὐτεκνοτοὲτην
1608 2557 1691 2591 BE

167 2609 421 2656 εὐγονωτάτην
438 2611 471 2646 G
493 2615 497 2654 1
520 2610 609 2656 λέγω
625 2610 754 2655 scripsi
769 2612 826 2655 (ex
842 2622 871 2645 V.
889 2611 987 2657 580)]
1009 2608 1051 2644 δέ
1071 2622 1108 2645 σε
1128 2610 1215 2644 libri
1284 2614 1351 2644 582
1367 2608 1688 2654 δυστοιχειστάτην

168 2666 201 2700 Α
229 2675 319 2699 corr.
346 2663 400 2699 ΑΞ
435 2664 439 2709 Ι
474 2662 516 2698 δέ
548 2675 586 2698 σε
619 2663 748 2708 scripsi
781 2666 838 2708 (ex
870 2676 900 2698 ν.
926 2665 1024 2710 5811]
1050 2661 1094 2698 θ’
1119 2663 1190 2707 ὁρῶ
1217 2663 1303 2698 libri
1330 2662 1385 2707 (θ’
1411 2674 1479 2697 om.
1507 2674 1576 2697 ree.
1605 2674 1689 2697 eum

168 2717 421 2753 Choerobosco
447 2717 480 2751 II
504 2729 538 2762 p.
561 2719 642 2761 551)
723 2720 789 2750 583
817 2715 982 2759 ἐπέζεσεν
1008 2717 1124 2763 ΑΕΖ]
1152 2715 1292 2758 ἐπέζεσε
1318 2728 1337 2750 ν
1414 2719 1481 2750 584
1508 2715 1688 2761 ἀνάγκαι-

168 2783 227 2806 σιν
264 2770 503 2816 Herwerden]
542 2770 749 2815 ἀναγκαῖον
781 2770 866 2804 libri
989 2774 1055 2805 589
1090 2770 1174 2805 fort.
1208 2770 1255 2814 μὴ
1289 2769 1332 2804 οὐ
1454 2773 1519 2803 591
1551 2775 1615 2804 τοῦ
1649 2768 1683 2804 δ’

168 2823 328 2868 Blaydes
410 2827 476 2857 592
503 2829 674 2868 γενναῖος
699 2824 769 2858 (ιΕ
793 2838 816 2858 α
843 2836 921 2868 sup.
949 2837 989 2864 ος
1014 2835 1080 2858 scr.
1108 2824 1211 2858 τιῙΕ1
1234 2825 1238 2866 Ι
1261 2822 1386 2858 δεινὸν
1412 2821 1478 2866 μὲν
1504 2822 1536 2857 εἰ
1561 2824 1596 2857 Α
1623 2821 1688 2866 μὲν

169 2877 239 2912 del.
261 2877 315 2911 ΑΞ
389 2880 456 2911 593
483 2874 522 2911 εὖ
550 2876 686 2922 στάχυν
707 2877 740 2911 L
755 2877 803 2924 G]
831 2877 1011 2922 εὔσταχυν
1037 2889 1056 2912 ἰ-
1129 2879 1197 2910 594
1224 2873 1274 2910 ὧν
1294 2881 1415 2921 τυχεῖν
1437 2876 1554 2921 αὐτὴν
1573 2877 1689 2921 χρεών

168 2929 311 2964 Mekler
369 2933 436 2964 595
452 2929 650 2973 ἄνθρωποι
664 2929 734 2974 (vel
750 2929 789 2964 ἐν
803 2931 962 2976 βροτοῖς)
976 2929 1182 2976 Hermann]
1198 2929 1415 2973 ἀνθρώποις
1429 2928 1515 2964 libri
1538 2930 1542 2976 1
1566 2930 1639 2964 αἰεὶ
1654 2931 1689 2964 Β
