1929 3208
812 168 1038 200 HAEKTPA
1634 165 1688 206 37

343 275 525 328 ἄλγιστα
557 273 596 316 δ’
634 271 775 332 ᾤκεις,
807 274 861 316 οὐ
894 275 1038 316 δοκῶν
1071 275 1209 316 οἰκεῖν
1241 281 1399 324 κακῶς·
1622 284 1689 315 925
1752 304 1756 308 .

346 342 523 401 ᾔδησθα
556 346 639 400 γὰρ
673 343 765 400 δῆτ’
797 347 976 388 ἀνόσιον
1008 347 1148 400 γήμας
1178 345 1336 399 γάμον,

344 417 485 470 μήτηρ
518 413 566 458 δὲ
598 413 638 457 σ’
669 416 809 469 ἄνδρα
842 416 1034 469 δυσσεβῆ
1066 414 1315 470 κεκτημένη.

343 487 472 541 ἄμφω
503 487 680 542 πονηρὼ
715 485 754 528 δ’
784 485 874 529 ὄντ’
908 486 1206 541 ἆφαιρεῖσθον
1237 486 1390 540 τύχην,

343 558 465 611 κείνη
498 573 541 599 τε
573 558 654 612 τὴν
686 558 769 611 σὴν
801 555 873 599 καὶ
899 558 955 598 σὺ
987 556 1217 610 τούκείνης
1248 559 1396 599 κακόν.

341 637 472 670 πᾶσιν
505 625 544 669 δ’
575 629 620 669 ἐν
647 626 911 682 Ἀργείοισιν
942 628 1100 681 ἤκουες
1130 627 1252 669 τάδε·
1617 639 1686 670 930

343 698 365 739 ὁ
398 705 473 753 τῆς
504 700 724 752 γυναικός,
757 696 855 752 οὐχὶ
887 697 1076 752 τάνδρὸς
1107 697 1132 752 ἡ
1165 699 1290 751 γυνή.

342 772 484 811 καίτοι
515 765 604 811 τόδ’
640 770 843 824 αἰσχρόν,
876 774 1139 823 προστατεῖν
1170 784 1219 822 γε
1252 768 1462 824 δωμάτων

342 846 544 893 γυναῖκα,
577 840 635 894 μὴ
667 840 744 881 τὸν
777 840 937 894 ἄνδρα·
969 837 1198 889 κάκείνους
1231 847 1376 894 στυγῶ

341 911 445 959 τοὺς
475 911 648 964 παῖδας,
681 910 801 960 ὅστις
831 916 911 952 τοῦ
943 907 1023 964 μὲν
1056 910 1241 963 ἄρσενος
1272 911 1436 964 πατρὸς

341 980 421 1022 οὐκ
454 981 718 1036 ὠνόμασται,
751 987 826 1036 τῆς
858 978 906 1023 δὲ
937 981 1101 1036 μητρὸς
1132 980 1180 1023 ἐν
1211 982 1344 1024 πόλει.
1621 993 1689 1025 935

340 1051 528 1106 ἐπίσημα
560 1053 643 1107 γὰρ
675 1053 862 1106 γήμαντι
893 1049 965 1093 καὶ
997 1053 1126 1105 μείζω
1159 1050 1261 1106 λέχη

341 1122 530 1177 τάνδρὸς
560 1121 641 1178 μὲν
673 1122 835 1175 οὐδείς,
867 1129 955 1164 τῶν
989 1118 1037 1164 δὲ
1070 1126 1262 1175 θηλειῶν
1293 1124 1432 1177 λόγος.

342 1193 365 1234 ὃ
399 1191 438 1235 δ’
468 1193 610 1248 ἠπάτα
642 1205 690 1235 σε
721 1196 928 1236 πλεῖστον
961 1193 1042 1234 οὐκ
1074 1192 1309 1247 ἐγνωκότα,

341 1265 488 1319 ηὔχεις
519 1281 585 1314 τις
617 1261 729 1306 εἶναι
759 1271 874 1306 τοῖσι
905 1266 1096 1318 χρήμασι
1129 1264 1322 1306 σθένων·

338 1336 390 1377 τὰ
422 1333 461 1377 δ’
495 1333 628 1377 οὐδὲν
660 1336 700 1378 εἰ
729 1336 787 1390 μὴ
813 1335 984 1389 βραχὺν
1015 1334 1221 1389 ὁμιλῆσαι
1253 1337 1428 1390 χρόνον.
1621 1348 1690 1379 940

338 1406 365 1459 ἡ
397 1407 476 1461 γὰρ
508 1406 642 1461 φύσις
672 1405 864 1460 βέβαιος,
896 1405 949 1446 οὐ
981 1406 1033 1446 τὰ
1064 1407 1272 1460 χρήματα.

339 1477 365 1531 ἣ
398 1474 478 1531 μὲν
511 1478 595 1531 γὰρ
628 1476 712 1519 αἰεὶ
743 1474 1045 1531 παραμένουσ’
1078 1480 1191 1530 αἴρει
1222 1477 1349 1519 κακοί·

340 1547 363 1590 ὁ
396 1546 435 1589 δ’
467 1549 599 1602 ὄλβος
630 1546 791 1597 ἀδίκως
822 1545 894 1589 καὶ
926 1548 1031 1602 μετὰ
1063 1555 1228 1590 σκαιῶν
1260 1547 1406 1599 ξυνὼν

340 1616 533 1671 ἐξέπτατ’
567 1622 714 1670 οἴκων,
748 1618 934 1672 σμικρὸν
966 1618 1167 1671 ἀνθήσας
1197 1621 1371 1674 χρόνον.

341 1689 367 1731 ἃ
400 1688 440 1731 δ’
471 1689 515 1739 ἐς
546 1695 776 1743 γυναῖκας·
807 1687 1020 1745 παρθένῳ
1053 1690 1136 1743 γὰρ
1169 1689 1223 1732 οὐ
1253 1692 1390 1733 καλὸν
1618 1703 1686 1734 945

340 1759 502 1814 λέγειν·
536 1767 701 1813 σιωπῶ,
733 1761 966 1814 γνωρίμως
997 1759 1230 1815 αἰνίξομαι.

337 1831 522 1885 ὕβριζες,
556 1831 614 1880 ὡς
647 1831 700 1884 δὴ
732 1832 990 1884 βασιλικοὺς
1022 1832 1134 1885 ἔχων
1167 1832 1333 1886 δόμους

338 1902 486 1945 κάλλει
517 1900 556 1943 τ’
590 1901 771 1957 ἀραρώς.
834 1899 929 1944 ἀλλ’
959 1900 1097 1957 ἔμοιγ’
1131 1906 1196 1957 εἴη
1228 1904 1356 1954 πόσις

338 1973 396 2028 μὴ
427 1973 738 2027 παρθενωπός,
769 1971 878 2014 ἀλλὰ
909 1971 1145 2027 τάνδρείου
1176 1975 1354 2029 τρόπου.

338 2045 390 2085 τὰ
421 2044 504 2098 γὰρ
536 2041 650 2086 τέκν’
682 2043 826 2085 αὐτῶν
849 2042 1000 2097 ’Ἀρεος
1031 2043 1390 2099 ἐκκρεμάννυται,
1619 2058 1686 2090 950

294 2155 297 2158 .
337 2115 389 2156 τὰ
422 2113 462 2156 δ’
492 2114 683 2169 εὐπρεπῆ
717 2114 771 2168 δὴ
803 2115 966 2169 κόσμος
998 2114 1045 2157 ἐν
1077 2122 1227 2170 χοροῖς
1258 2117 1408 2171 μόνον.

257 2270 324 2300 925
351 2264 474 2313 ᾤκεις]
500 2266 709 2311 Musgmve,
737 2266 849 2307 οἰκεῖς
874 2266 951 2302 LG
1035 2270 1102 2302 926
1130 2265 1303 2315 ᾔδησθα]
1329 2269 1496 2313 Lobeck,
1528 2267 1689 2317 ᾔδεισθα

161 2319 240 2354 LG
338 2322 406 2354 928
433 2319 522 2354 ὄντα
549 2321 595 2364 L,
622 2318 699 2355 ὄντ’
731 2319 785 2355 lG
872 2323 939 2354 928
955 2331 1006 2363 sq.
1034 2321 1269 2366 ἀφῃρεῖσθον
1294 2322 1408 2367 τύχην
1436 2352 1441 2357 .
1465 2351 1471 2357 .
1499 2322 1689 2368 τούκείνης

162 2371 275 2407 καλόν
299 2372 500 2408 Kirchhoff.
540 2371 776 2418 ἐπηυρέσθην
799 2373 931 2408 Nauck
958 2373 1216 2419 (ἐπηυράσθην
1241 2375 1438 2421 Ηαῑΐηῐιὲ),
1465 2376 1547 2411 fort.
1576 2375 1686 2420 ἐπηυ-

161 2423 302 2470 ρέσθην
327 2425 437 2470 τύχης
468 2424 570 2470 κείνη
601 2438 640 2460 τε
672 2432 736 2471 τῆς
768 2431 832 2471 σῆς
863 2427 926 2460 καὶ
958 2427 1001 2461 σὺ
1031 2433 1105 2462 τῶν
1130 2425 1254 2472 κείνης
1285 2434 1410 2464 κακῶν
1435 2428 1686 2474 (ἐπηυρέσθην

161 2477 285 2522 τύχην,
313 2477 416 2523 κείνη
436 2491 473 2513 τε
492 2485 564 2514 τῶν
585 2485 656 2514 σῶν
676 2480 739 2514 καὶ
760 2480 803 2514 σὺ
822 2485 894 2514 τῶν
914 2478 1038 2524 κείνης
1057 2486 1181 2515 κακῶν
1201 2480 1314 2525 Weil)
1378 2485 1445 2515 929
1466 2487 1530 2516 τοῦ
1547 2480 1686 2526 ’κείνης

162 2531 238 2565 LG
289 2534 354 2564 931
372 2530 390 2565 ὁ
411 2537 490 2575 φῶς
508 2530 684 2576 γυναικός
698 2532 816 2575 Prinz,
837 2532 921 2567 fort.
937 2532 1031 2577 ἁνὴρ
1053 2547 1083 2578 γ.
1142 2537 1208 2567 932
1226 2532 1266 2567 τό
1288 2532 1322 2579 γ’
1343 2534 1376 2568 Cr'
1427 2538 1588 2568 932-37
1608 2546 1685 2569 ver—

163 2594 223 2617 sus
256 2583 417 2628 suspecti
443 2585 531 2628 (936
546 2596 598 2628 sq.
626 2584 777 2619 delebat,
807 2585 999 2631 Hartung)
1097 2590 1166 2620 934
1190 2587 1349 2632 πατρὸς]
1381 2587 1504 2630 παρὸν
1530 2587 1686 2632 Camper

162 2635 206 2670 cl.
235 2635 343 2681 soph.
370 2635 426 2672 El.
453 2640 520 2671 365
642 2641 709 2672 936
736 2637 872 2682 γήμασι
897 2638 1092 2673 Kirehhoff
1210 2643 1276 2673 942
1292 2643 1395 2673 -44
1423 2639 1523 2674 delet
1541 2639 1683 2675 Vitelli.

162 2692 229 2723 942
257 2687 315 2723 ἀεὶ
341 2689 387 2731 L,
413 2689 485 2723 αἰεὶ
512 2689 567 2724 IG
589 2691 593 2733 Ι
616 2689 728 2737 αἴρει]
755 2691 862 2734 ἀρκεῖ
886 2691 1030 2726 Seidler
1103 2695 1170 2726 943
1198 2690 1335 2732 ἀδίκως
1355 2691 1456 2727 Stob.
1476 2691 1551 2727 flor.
1575 2696 1630 2736 94,
1651 2697 1683 2737 5,

162 2741 292 2782 ἄδικος
317 2741 395 2777 LG
492 2746 559 2776 946
586 2741 789 2789 γνωρίμως]
815 2743 950 2788 Keene‚
978 2744 1166 2790 γνωρίμως
1193 2744 1227 2779 δ’
1258 2745 1336 2780 LG
1434 2749 1500 2779 947
1527 2744 1683 2792 ὕβριζες]

161 2794 244 2829 fort.
272 2794 384 2839 ἔχλιες
406 2797 410 2838 Ι
433 2793 585 2842 δόμους]
611 2795 695 2830 fort.
722 2794 880 2839 τρόπους
953 2801 1020 2831 948
1047 2798 1207 2843 ἀραρώς]
1236 2797 1411 2843 Scaliger,
1439 2797 1684 2842 o’cpochJvLG

258 2851 325 2882 949
351 2846 506 2894 τρόπου]
531 2848 649 2883 τύπου
674 2848 898 2883 Herwerden
989 2854 1057 2884 950
1083 2851 1123 2885 τὸ
1151 2850 1219 2895 γὰρ
1246 2850 1423 2885 τοιούτων
1443 2850 1616 2895 Schenkl,
1642 2852 1682 2887 τὸ

163 2898 232 2944 γὰρ
259 2905 428 2935 τοιοῦτον
454 2900 552 2935 Weil
575 2902 579 2946 Ι
602 2900 865 2945 ἐκκεράννυται
891 2901 1086 2947 Musgrave
