1929 3208
674 661 980 709 PRAEMON
990 661 1162 708 [TUM.

282 862 460 905 Codices
493 861 541 916 L,
577 860 628 912 G,
660 861 702 902 R
736 861 1012 903 contulerunt
1045 860 1097 902 H.
1132 860 1275 902 Hinck
1309 864 1352 902 et
1384 862 1434 903 R.
1466 860 1604 902 Prinz.

280 933 401 974 Alias
436 932 690 975 collationes
717 932 876 974 codicis
903 932 942 973 L
965 930 1296 987 publicaverunt
1318 932 1528 988 Walberg
1552 932 1594 974 in
1623 934 1684 974 ed.

159 1005 287 1046 huius
319 1003 491 1045 fabulae
512 1002 681 1060 (1869),
715 1003 942 1045 Kirchhoff
964 1018 989 1045 a
1013 1003 1239 1045 Theodoro
1266 1002 1410 1058 Heyse
1444 1003 1686 1046 confectam

158 1076 204 1117 in
236 1075 380 1117 Herm.
414 1074 478 1117 VI
509 1090 549 1130 p.
575 1076 661 1117 252
677 1090 787 1131 sqq„
818 1074 1113 1117 Wilamowitz
1145 1074 1271 1116 Anal.
1303 1075 1404 1117 Eur.
1436 1091 1476 1130 p.
1511 1076 1686 1131 6:2sqq.‚

159 1147 302 1189 Keene
334 1147 380 1188 in
412 1147 472 1188 ed.
507 1144 694 1203 (1893),
732 1146 799 1188 Al.
834 1145 1012 1188 Olivieri
1050 1147 1095 1187 in
1127 1145 1297 1188 Rivista
1335 1147 1378 1188 di
1410 1146 1534 1188 Filol.
1572 1147 1684 1189 1896

155 1234 194 1273 p.
227 1218 314 1260 462
329 1232 418 1274 sqq.
483 1217 569 1261 Cfr.
609 1218 740 1260 etiam
779 1217 828 1259 R.
862 1216 1006 1259 Prinzi
1045 1221 1274 1260 comment.
1311 1218 1357 1260 in
1389 1217 1442 1260 N.
1473 1217 1626 1260 Jahrb.
1657 1218 1683 1259 f.

156 1289 309 1332 Philol.
342 1289 423 1332 vol.
461 1289 542 1331 113
582 1305 621 1344 p.
655 1290 737 1332 737
755 1303 847 1344 sqq.
910 1288 1201 1332 Collationem
1241 1289 1400 1332 codicis
1444 1288 1484 1331 G-
1521 1289 1683 1344 publici

156 1361 261 1402 iuris
301 1361 498 1403 fecerunt
541 1359 586 1402 C.
620 1359 807 1403 Schenkl
849 1361 902 1402 ab
936 1360 1083 1402 Aenea
1119 1359 1403 1403 Pieeolomini
1444 1361 1684 1403 confectam

156 1431 200 1474 111
234 1431 438 1474 Zeitschr.
467 1432 493 1473 f.
521 1432 557 1474 d.
586 1435 734 1473 osterr.
764 1430 919 1487 Gymn.
946 1431 1069 1473 XXV
1101 1448 1141 1487 p.
1169 1433 1224 1474 82
1240 1447 1354 1487 sqq„
1386 1431 1683 1474 Wilamowitz

155 1504 182 1546 l.
207 1504 255 1558 1.,
287 1503 465 1546 Olivieri
498 1503 525 1545 l.
557 1503 583 1544 1.
647 1502 937 1545 Collationem
976 1503 1156 1558 denique
1197 1503 1356 1545 codicis
1389 1502 1431 1545 R
1460 1503 1506 1545 in
1543 1503 1683 1545 lucem

155 1574 289 1616 edidit
321 1573 498 1616 Olivieri
530 1575 556 1616 1.
582 1575 608 1615 l.

279 1644 424 1688 Codex
453 1644 494 1688 G'·
524 1646 743 1688 derivatus
777 1661 828 1687 ex
861 1646 952 1688 cod.
977 1645 1017 1687 L
1048 1643 1143 1703 (cfr.
1164 1661 1200 1688 v.
1221 1646 1291 1702 95,
1326 1647 1423 1701 108,
1458 1646 1553 1699 134,
1584 1648 1684 1702 245,

157 1719 262 1772 251,
294 1717 398 1772 589,
430 1717 534 1772 633,
568 1718 670 1772 730,
707 1716 840 1775 1235)
873 1718 989 1760 valet
1028 1718 1080 1759 ad
1112 1718 1320 1760 lectiones
1354 1718 1408 1760 ab
1442 1721 1683 1761 correctore

155 1788 220 1846 (l)
264 1804 408 1831 erasas
454 1789 792 1845 cognoscendas,
836 1792 885 1830 ut
930 1804 963 1831 e.
996 1803 1035 1844 g.
1074 1789 1119 1830 in
1156 1805 1193 1831 v.
1228 1790 1312 1832 772
1357 1805 1378 1832 e
1422 1790 1683 1832 lectionibus

153 1862 257 1902 τίν*
290 1860 347 1914 L,
386 1862 506 1910 τίνος
538 1860 571 1914 l,
609 1862 697 1902 τίνι
733 1860 774 1902 G
805 1861 934 1903 lectio
967 1861 1132 1915 primae
1172 1876 1325 1903 manus
1357 1863 1446 1903 τίνι
1485 1861 1683 1915 efficitur,

156 1935 199 1974 et
229 1932 281 1974 ad
313 1946 466 1974 manus
498 1931 837 1988 distinguendas.
883 1932 1026 1974 Codex
1046 1932 1088 1974 R
1114 1935 1214 1987 post
1246 1936 1514 1974 correcturas
1542 1948 1683 1974 recen-

156 2004 281 2045 tioris
314 2018 466 2045 manus
494 2018 545 2045 ex
571 2004 660 2046 cod.
688 2004 727 2045 L
752 2004 995 2059 descriptus
1022 2004 1088 2045 vel
1121 2004 1300 2058 paulum
1326 2005 1391 2046 vel
1419 2004 1528 2045 1111111
1554 2005 1681 2046 valet.

276 2073 378 2116 Non
410 2077 706 2117 memorantur
741 2075 948 2117 minutiae
980 2078 1030 2116 ut
1061 2075 1169 2116 varii
1209 2078 1429 2131 accentus,
1473 2091 1488 2116 ι
1520 2076 1683 2118 subscr.

157 2146 384 2199 omissum,
417 2146 592 2200 σώζειν,
625 2148 818 2202 χρῄζειν,
849 2148 1086 2200 θνήσκειν,
1118 2147 1272 2201 πρώρα
1305 2147 1396 2188 sine
1428 2147 1538 2201 iota,
1570 2150 1614 2188 et
1646 2148 1681 2188 si

157 2217 208 2258 de
250 2217 310 2267 εἰς
354 2215 508 2274 (εἵσω)
541 2218 607 2259 vel
653 2217 696 2267 ἐς
735 2215 860 2274 (ἔσω)
899 2217 1019 2259 nulla
1062 2218 1226 2259 mentio
1271 2218 1337 2272 fit,
1383 2218 1512 2259 velim
1556 2220 1681 2273 putes

107 2330 110 2333 ,
159 2287 325 2330 codices
358 2288 559 2330 omnibus
591 2289 698 2330 locis
733 2289 890 2344 quibus
923 2292 1110 2331 metrum
1141 2289 1307 2344 patitur
1339 2290 1400 2338 εἰς
1425 2287 1568 2346 (εἴσω)
1602 2304 1681 2343 pro

156 2357 202 2408 ἐς
234 2356 359 2413 (ἔσω)
393 2359 605 2401 exhibere.
