1929 3208
291 176 338 215 1Ιῖ
913 173 1180 206 ΕΥΡΙΠΙΔΟΥ

460 283 540 324 κάν
573 289 686 323 τοῖσι
721 282 899 331 δούλοις
931 279 1177 335 δυσπρεπὲς
1208 282 1446 335 νομίζεται·
1743 294 1810 320 :wo

460 352 627 407 σφαγαὶ
662 348 701 392 δ’
739 354 917 407 ἔχουσιν
949 351 1124 406 εὐγενές
1154 367 1195 393 τι
1227 350 1297 393 καὶ
1330 353 1479 402 καλόν,

462 426 642 479 σμικρὸς
675 421 715 465 δ’
753 423 774 464 ὁ
809 424 960 478 καιρὸς
992 421 1115 477 σάρκ’
1154 423 1396 474 ἀπαλλάξαι
1429 425 1561 477 fidon!

461 496 504 545 ἐς
537 496 618 549 γὰρ
651 500 865 536 τοσοῦτον
897 495 1098 548 ἤλθομεν
1131 494 1272 547 βάθος
1304 502 1468 536 κακῶν·

462 567 510 608 αἱ
539 564 618 621 μὲν
651 567 734 619 γὰρ
766 566 894 606 ἄλλαι
927 566 1000 606 διὰ
1032 566 1080 606 τὸ
1114 565 1272 615 κάλλος
1303 565 1498 621 εὐτυχεῖς

461 645 679 691 γυναῖκες,
712 637 823 691 ἡμᾶς
857 632 896 678 δ’
934 636 1039 678 αὐτὸ
1072 634 1190 678 τοῦτ’
1228 636 1464 678 ἀπώλεσεν.
1745 647 1812 678 305

293 713 375 751 XO.
458 708 627 762 Ἑλένη,
660 709 737 750 τὸν
770 705 974 760 ἐλθόνθ’,
1006 707 1124 757 ὅστις
1157 706 1275 749 ἐστὶν
1308 707 1330 748 ὁ
1365 707 1501 760 ξένος,

466 781 522 834 μὴ
557 776 682 820 πάντ’
721 778 867 833 ἀληθῆ
902 777 1090 833 δοξάσῃς
1122 777 1353 833 εἰρηκέναι.

286 856 375 894 ΕΑ.
463 850 533 893 καὶ
567 852 653 905 μὴν
686 857 836 905 σαφῶς
867 846 908 903 γ’
945 846 1053 899 ἔλεξ’
1090 849 1303 891 ὀλωλέναι
1335 851 1477 892 πόσιν.

288 927 374 965 ΧΟ.
461 920 587 964 πόλλ’
625 920 679 962 ἂν
712 920 885 975 γένοιτο
917 919 991 962 καὶ
1023 921 1095 962 διὰ
1128 921 1307 971 ψευδῶν
1340 927 1471 975 σαφῆ.

288 998 377 1036 EA.
464 992 537 1035 καὶ
569 994 787 1047 τᾶμπαλίν
819 1007 868 1045 γε
900 987 1032 1033 τῶνδ’
1069 991 1280 1045 ἀληθείας
1313 993 1408 1034 ἄπο.
1747 1003 1814 1032 310

290 1069 378 1107 XO.
467 1065 510 1114 ἐς
543 1064 776 1118 ξυμφορὰν
808 1064 891 1117 γὰρ
924 1061 1022 1105 ἀντὶ
1053 1063 1254 1116 τάγαθοῦ
1287 1063 1410 1119 φέρῃ.

286 1139 377 1178 ΕΛ.
463 1137 601 1191 φόβος
633 1136 715 1188 γὰρ
750 1135 792 1184 ές
823 1136 872 1176 τὸ
907 1135 1033 1189 δεῖμα
1065 1135 1316 1189 περιβαλών
1349 1132 1391 1189 μ’
1430 1136 1535 1188 ἄγει.

286 1211 377 1250 ΧΟ.
461 1214 554 1256 πῶς
586 1205 625 1247 δ’
663 1206 888 1260 εὐμενείας
920 1201 1078 1247 τοισίδ’
1115 1204 1163 1247 ἐν
1197 1206 1350 1260 δόμοις
1381 1207 1511 1260 ἔχειςς

286 1282 378 1320 ΕΛ.
464 1277 623 1327 πάντες
656 1279 779 1331 φίλοι
812 1292 886 1331 μοι
918 1276 1032 1329 πλὴν
1066 1276 1088 1317 ὁ
1121 1277 1329 1331 θηρεύων
1362 1274 1542 1330 γάμους.

288 1354 376 1391 XO.
465 1345 582 1390 οἷσθ’
622 1344 703 1390 οὖν
736 1347 758 1388 ὃ
793 1348 978 1402 δρᾶσον;
1014 1349 1237 1401 μνήματος
1269 1345 1442 1389 λιποῦσ’
1481 1346 1631 1401 ἕδραν,
1748 1357 1816 1387 315

288 1425 378 1463 EA.
466 1420 509 1470 ἐς
541 1427 671 1461 ποῖον
705 1418 849 1473 ἕρπεις
881 1423 1032 1472 μῦθον
1064 1417 1090 1472 ἢ
1124 1419 1402 1471 παραίνεσιν;

289 1495 379 1534 ΧΟ.
466 1486 647 1534 ἐλθοῦσ’
685 1490 728 1540 ἐς
761 1493 923 1542 οἴκους,
956 1489 982 1543 ἣ
1015 1490 1066 1530 τὰ
1099 1487 1226 1530 πάντ’
1264 1488 1501 1542 ἐπίσταται,

465 1568 541 1616 τῆς
572 1563 754 1611 ποντίας
787 1561 997 1615 Νηρῇδος
1029 1560 1215 1614 ἐκγόνου
1247 1561 1396 1614 κόρης,

465 1637 617 1675 πυθοῦ
648 1634 780 1674 πόσιν
812 1633 893 1673 σὸν
929 1633 1124 1686 Θεονόης
1156 1630 1234 1673 εἴτ’
1270 1629 1356 1673 ἔστ’
1393 1632 1456 1673 ἔτι

466 1703 542 1747 εἴτ’
580 1703 801 1746 ἐκλέλοιπε
835 1701 1016 1757 φέγγος·
1052 1702 1306 1757 ἐκμαθοῦσα
1342 1701 1381 1743 δ’
1419 1698 1468 1744 εὖ
1750 1712 1818 1742 320

467 1777 576 1830 πρὸς
606 1776 682 1824 τὰς
713 1775 846 1829 τύχας
876 1775 924 1815 τὸ
958 1773 1101 1829 χάρμα
1132 1775 1236 1823 τοὺς
1268 1775 1401 1828 γόους
1432 1772 1470 1814 τ’
1505 1775 1586 1827 ἔχε.

465 1844 571 1901 πρὶν
604 1843 643 1887 δ’
683 1843 816 1887 οὐδὲν
849 1845 996 1898 ὀρθῶς
1028 1843 1210 1898 εἰδέναι,
1241 1846 1288 1886 τί
1316 1856 1387 1886 σοι
1418 1843 1553 1886 πλέον

466 1915 720 1971 λυπουμένῃ
753 1913 915 1969 γένοιτ’
951 1915 1025 1966 ἄν;
1057 1913 1151 1956 ἀλλ’
1190 1912 1285 1968 ἐμοὶ
1317 1919 1474 1956 πιθοῦ·

470 1987 631 2042 [τάφον
664 1990 853 2029 λιποῦσα
885 1987 1014 2027 τόνδε
1048 1985 1264 2040 σύμμιξον
1296 1987 1420 2041 κόρῃ,

468 2060 660 2113 ὅθενπερ
693 2062 787 2114 εἴσῃ
821 2055 979 2099 πάντα·
1012 2056 1183 2111 τάληθῆ
1217 2055 1385 2112 φράσαι
1750 2066 1818 2097 325

469 2127 613 2186 ἔχουσ’
651 2130 699 2172 ἐν
732 2134 869 2178 οἴκοις
900 2129 1048 2171 τοῖσδε
1080 2130 1126 2170 τί
1153 2127 1327 2182 βλέπεις
1357 2129 1547 2183 πρόσω;]

469 2201 588 2244 θέλω
623 2200 670 2243 δὲ
701 2201 820 2255 κάγὼ
854 2199 925 2242 σοὶ
957 2202 1265 2242 συνεισελθεῖν
1298 2200 1463 2254 δόμους

469 2273 541 2315 καὶ
574 2271 892 2327 συμπυθέσθαι
924 2270 1154 2325 παρθένου
1186 2273 1480 2325 θεσπίσματα·

470 2352 658 2399 γυναῖκα
690 2345 774 2398 γὰρ
809 2344 862 2398 δὴ
897 2349 1140 2398 συμπονεῖν
1172 2340 1349 2396 γυναικὶ
1381 2343 1474 2396 χρή.

387 2556 454 2587 302
477 2550 642 2595 σμικρὸς]
662 2549 706 2584 H.
729 2549 950 2594 Stephan11S‚
972 2547 1124 2591 σμικρὸν
1139 2547 1216 2582 LG
1239 2550 1243 2592 Ι
1267 2545 1392 2593 σάρκ’]
1413 2547 1612 2590 Hermann,
1633 2544 1713 2590 ἄρτ’
1737 2544 1820 2589 LG,

292 2605 396 2650 κρᾶτ’
428 2605 464 2639 C.
492 2603 575 2638 Keil
680 2606 748 2651 303
774 2602 857 2636 fort.
884 2606 1054 2635 τοιοῦτον
1157 2604 1225 2635 306
1253 2598 1400 2635 ἐλθόντ’
1430 2600 1508 2634 LG
1608 2602 1676 2633 308
1703 2597 1820 2639 ἔλεξεν

293 2660 371 2694 LG
457 2662 524 2692 309
552 2657 668 2703 σαφῆ]
696 2655 825 2700 scripsi
845 2656 903 2700 (ex
922 2667 953 2689 v.
975 2656 1068 2699 310),
1095 2653 1162 2698 ἔπη
1184 2654 1263 2688 LG
1345 2657 1508 2687 310—17
1528 2652 1689 2687 lineolae
1713 2661 1820 2696 prae—

292 2714 387 2747 fixae
413 2712 452 2746 in
475 2712 519 2755 G,
546 2714 684 2745 313a7
705 2709 744 2742 in
764 2709 797 2743 L
896 2712 963 2741 310
991 2707 1081 2754 ἄπο]
1109 2706 1250 2751 scripsi,
1277 2711 1377 2750 σαφῆ
1399 2705 1485 2740 LG.
1526 2705 1596 2740 Ofr.
1617 2704 1730 2739 Andr.
1752 2708 1818 2738 321

386 2770 453 2800 312
481 2763 598 2810 φόβος
624 2764 675 2806 L,
702 2760 819 2806 φόνος
846 2761 879 2795 G
911 2762 915 2806 Ι
947 2762 1045 2805 δῆμοι
1074 2760 1119 2803 G,
1145 2761 1252 2803 δεῖμα
1277 2771 1300 2804 y
1330 2761 1334 2803 Ι
1366 2759 1573 2804 περιβαλών
1599 2757 1688 2800 LG,
1714 2769 1819 2800 περι-

293 2820 415 2865 λαβών
439 2831 462 2864 (J
571 2821 638 2851 313
666 2813 797 2850 τοῖσιδ’
828 2815 918 2857 LG,
942 2812 1035 2848 τοῖσί
1061 2811 1095 2859 γ’
1127 2814 1149 2857 l,
1174 2818 1292 2847 τοῖσιν
1316 2824 1339 2857 y
1451 2815 1519 2845 320
1544 2810 1628 2845 fort.
1655 2808 1722 2844 εἴτ’
1754 2807 1821 2844 οὖν

292 2872 434 2907 λέλοιπε
539 2874 678 2905 324-6
706 2867 843 2904 delevit
869 2867 1012 2912 Goguel
1116 2870 1183 2901 325
1211 2864 1367 2912 φράσαι]
1394 2867 1532 2910 μαθεῖν
1556 2863 1726 2898 Badham

294 2930 361 2960 320
389 2925 458 2972 γάρ
484 2938 541 2960 τοι
566 2922 763 2958 Kirchhoff
