1929 3208
235 127 290 163 :3ss
864 128 1133 160 wrmumtn‘

416 234 515 287 ἐμοί
543 250 586 274 τε
620 234 702 287 γὰρ
734 231 828 274 τάδ’
866 232 984 275 ἐστὶν
1016 233 1340 287 ἀσφαλέστατα,

417 307 579 358 σκῆψίν
610 302 694 345 τιν’
732 303 910 358 ἐχθροῖς
942 312 1036 353 σοῖς
1068 306 1223 359 ἔχοντα
1256 306 1501 358 δεικνύναι,

414 377 461 415 τὸ
496 377 576 416 σόν
608 373 646 416 τ’
684 376 818 429 ἄραρε
851 377 1037 429 μᾶλλον·
1072 375 1228 430 ε’ξηγοῦ
1258 377 1406 425 θεούς.
1694 388 1760 418 'Mn

241 450 341 487 ΜΗ.
412 447 524 498 ὄμνυ
557 444 693 487 πέδον
731 447 814 499 Γῆς
844 445 1008 500 πατέρα
1040 444 1086 488 θ’
1113 445 1272 489 ’ἽΙλιον
1304 449 1466 502 πατρὸς

413 516 581 570 τούμοῦ
613 521 733 558 θεῶν
766 532 809 558 τε
844 516 1069 567 συντιθεὶς
1100 518 1217 559 ἅπαν
1248 516 1387 571 γένος.

284 591 344 628 41.
413 590 458 628 τί
487 593 626 641 χρῆμα
661 588 841 640 δράσειν
873 587 898 641 ἢ
933 590 976 628 τί
1003 589 1062 643 μὴ
1095 589 1293 643 δράσειν;
1329 588 1437 642 λε’γε.

242 661 346 700 Mil.
415 654 510 712 μήτ’
547 659 679 708 αὐτὸς
711 658 757 700 ἐκ
789 665 867 712 γῆς
899 666 977 713 σῆς
1009 656 1074 714 ἔμ’
1111 659 1311 714 ἐκβαλεῖν
1343 675 1466 709 ποτε,

415 728 510 784 μήτ’
548 730 679 779 ἄλλος
711 731 766 783 ἤν
798 747 862 778 τις
893 738 980 772 τῶν
1013 730 1129 785 ἐμῶν
1162 731 1336 786 ἐχθρῶν
1369 732 1492 784 ἄγειν
1697 741 1763 772 750

419 801 572 856 χρῄζῃ,
605 803 817 855 μεθήσειν
851 804 934 852 ζῶν
967 801 1152 860 ἑκουσίῳ
1185 805 1343 860 τρόπῳ.

274 875 349 913 ΑΙ.
420 873 583 927 ὄμνυμι
623 874 752 921 Γαίας
785 873 978 915 δάπεδον
1004 869 1161 916 ἹῚλίου
1192 889 1237 915 τε
1269 881 1364 928 φῶς

419 943 554 991 θεούς
586 959 630 984 τε.
662 944 827 992 πάντας
858 943 1061 999 ἐμμενεῖν
1092 945 1119 985 δι’
1151 955 1234 986 σου
1265 945 1395 986 κλύω.

243 1017 348 1055 ΝῙΠ.
418 1013 557 1067 ἀρκεῖ·
590 1016 635 1055 τί
664 1011 705 1055 δ’
741 1014 855 1071 ὅρκῳ
888 1015 999 1071 τῷδε,
1032 1015 1089 1069 μὴ
1116 1011 1311 1070 ’μμένων
1342 1015 1522 1065 πάθοις;

274 1088 346 1126 ΑΙ.
418 1084 443 1125 ἃ
476 1091 589 1126 τοῖσι
623 1086 889 1138 δυσσεβοῦσι
922 1087 1117 1139 γίγνεται
1148 1088 1332 1141 βροτῶν.
1698 1095 1764 1126 755

241 1159 349 1198 Mll.
418 1158 583 1210 χαίρων
614 1157 826 1211 πορεύου·
859 1157 1000 1198 πάντα
1033 1158 1116 1212 γὰρ
1148 1160 1290 1207 καλῶς
1323 1158 1420 1212 ἔχει.

416 1226 535 1281 κάγὼ
567 1229 696 1269 πόλιν
728 1229 811 1281 σὴν
843 1228 902 1278 ὡς
932 1227 1095 1282 τάχιστ’
1133 1228 1363 1283 ἀφίξομαι,

418 1294 600 1352 πράξασ’
638 1297 664 1339 ἃ
696 1297 839 1352 με’λλω
872 1297 944 1340 καὶ
975 1296 1153 1353 τυχοῦσ’
1189 1298 1215 1340 ἃ
1248 1299 1476 1352 βούλομαι.

247 1373 334 1411 XO.
422 1369 530 1410 ἀλλά
563 1367 600 1411 σ’
639 1369 662 1410 ὁ
695 1371 848 1419 Μαίας
878 1377 1097 1424 πομπαῖος
1129 1370 1236 1420 ἄναξ

418 1441 618 1482 πελάσειε
652 1441 823 1494 δόμοις,
857 1437 920 1483 ὧν
951 1439 989 1482 τ’
1024 1440 1226 1483 ἐπίνοιαν
1699 1450 1767 1481 760

420 1512 623 1560 σπεύδεις
654 1510 848 1565 κατέχων
879 1511 1105 1566 πράξειας,
1137 1511 1230 1554 ἐπεὶ

419 1589 623 1636 γενναῖος
655 1581 787 1637 ἀνήρ,

424 1655 579 1707 Αίγεῦ,
612 1650 714 1707 παρ’
751 1652 846 1708 ἐμοὶ
879 1654 1127 1708 δεδόκησαι.

244 1728 350 1766 ΔΜΗ.
419 1722 452 1766 ὦ
488 1728 574 1766 Ζεῦ
606 1727 721 1778 Δίκη
753 1740 798 1766 τε
832 1725 974 1778 Ζηνὸς
998 1721 1155 1767 Ἡλίου
1186 1741 1231 1767 τε
1263 1733 1376 1779 φῶς,

421 1802 505 1837 νῦν
537 1797 781 1836 καλλίνικοι
812 1802 902 1836 τῶν
935 1795 1051 1850 ἐμῶν
1083 1795 1272 1851 ἐχθρῶν,
1306 1797 1456 1851 φίλαι,
1700 1805 1766 1837 765

421 1867 729 1920 γενησόμεσθα
761 1866 850 1915 κείς
883 1865 991 1908 ὁδὸν
1023 1868 1287 1921 βεβήκαμεν·

424 1939 526 1988 [νῦν
560 1932 599 1978 δ’
637 1935 757 1986 ἐλπὶς
789 1936 980 1992 ἐχθροὺς
1009 1939 1113 1987 τοὺς
1145 1937 1275 1992 ἐμοὺς
1306 1939 1445 1980 τίσειν
1478 1939 1641 1992 δίκην·]

423 2005 552 2056 οὗτος
583 2008 667 2061 γὰρ
699 2007 812 2061 ἁνὴρ
846 2001 871 2063 ᾗ
905 2006 1076 2062 μάλιστ’
1111 2008 1356 2063 ἐκάμνομεν

424 2078 555 2133 λιμὴν
587 2077 805 2132 πέφανται
835 2086 924 2120 τῶν
955 2078 1072 2133 ἐμῶν
1104 2081 1436 2134 βουλευμάτων·

342 2222 408 2252 743
435 2216 686 2262 ἀσφαλέστερα
708 2218 736 2253 S
759 2219 808 2262 (P
832 2217 1087 2263 ἀσφαλέστ***
1106 2219 1140 2253 L
1178 2217 1434 2263 ἀσφαλέστατα
1454 2220 1466 2253 Ζ
1504 2231 1570 2263 εροι
1599 2231 1676 2265 sup.
1699 2233 1769 2254 ατα

247 2283 314 2305 scr.
335 2271 361 2315 l)
388 2272 442 2315 bg,
475 2271 538 2305 cfr.
566 2270 697 2305 Christ.
724 2273 799 2316 pat.
823 2275 889 2305 782
1024 2275 1090 2305 745
1122 2272 1163 2306 τὸ
1196 2272 1261 2307 σὸν
1293 2270 1328 2306 δ’
1365 2271 1478 2317 ἄρηρε
1498 2272 1526 2307 S
1549 2272 1678 2318 (ἄραρε
1698 2274 1722 2318 Ζ)

248 2329 314 2359 746
355 2324 489 2368 ὄμνυμι
515 2325 555 2358 Ε
596 2336 678 2358 cum
716 2323 914 2359 Eustathio
958 2324 997 2358 in
1034 2325 1074 2360 Il.
1113 2337 1147 2369 p.
1174 2329 1243 2359 436
1287 2327 1290 2369 Ι
1334 2339 1387 2370 γρ.
1426 2323 1531 2369 ἡλίου
1567 2324 1612 2360 θ’
1653 2325 1770 2371 ἁγνὸν

247 2376 356 2423 σέβας
380 2377 418 2411 in
444 2389 560 2422 marg.
583 2377 644 2412 all
753 2381 819 2411 747
846 2378 940 2413 θεὸν
965 2379 1055 2413 mut.
1082 2377 1121 2411 in
1146 2381 1247 2413 θεῶν
1267 2378 1301 2412 L
1411 2382 1476 2412 748
1503 2378 1619 2420 δράσ*
1640 2379 1680 2413 Ε
1716 2391 1770 2414 ειν

248 2443 325 2475 sup.
352 2442 422 2464 ras.
451 2441 516 2464 scr.
538 2430 594 2464 El
617 2430 620 2476 Ι
643 2430 691 2474 μὴ
720 2432 855 2474 δρᾶσαι
875 2431 952 2465 Pbs
1059 2434 1123 2465 751
1151 2430 1259 2476 χρήζ*
1281 2431 1359 2465 BL
1397 2430 1507 2476 χρήζη
1529 2432 1607 2465 bL¹
1630 2433 1634 2477 Ι
1657 2433 1726 2473 ζῶν
1746 2432 1774 2467 S

249 2484 298 2528 (P
320 2495 389 2518 *w
409 2484 443 2517 L
481 2483 579 2528 γῆςῐ
616 2497 670 2528 γρ.
698 2485 768 2525 ζῶν
794 2494 971 2528 superser.
994 2484 1018 2526 l>
1045 2484 1102 2530 bs]
1141 2489 1207 2528 γῆς
1225 2495 1245 2519 r
1349 2488 1414 2518 752
1442 2482 1560 2523 Γαίας
1585 2484 1769 2530 Badham]

250 2542 361 2581 γαῖαν
395 2535 482 2570 libri
517 2537 640 2581 (γαῐιυοι
666 2537 705 2570 Ε
740 2550 787 2571 αν
822 2548 900 2581 sup.
933 2548 1004 2572 ras.
1037 2548 1102 2571 scr.
1124 2537 1193 2582 El)
1229 2541 1232 2579 Ι
1267 2536 1434 2571 δάπεδον
1460 2535 1586 2571 “Ηλιόυ
1624 2550 1661 2572 τε
1693 2544 1772 2582 φῶς

248 2589 434 2634 Badham]
460 2588 626 2633 λαμπρὸν
651 2587 756 2633 ἡλίου
782 2602 819 2623 τε
845 2596 924 2634 φῶς
940 2590 1013 2625 ES
1034 2588 1202 2634 λαμπρόν
1227 2588 1269 2624 θ’
1299 2588 1405 2634 ἡλίου
1431 2589 1577 2634 φάοςΒ
1603 2590 1771 2634 λαμπρὸν

248 2641 353 2686 ἡλίου
380 2641 477 2685 φάος
497 2655 518 2676 ι(
607 2645 673 2676 753
700 2641 868 2686 ἐμμενεῖν
889 2642 930 2676 G.
945 2643 988 2676 H.
1005 2642 1194 2689 Sehaefer]
1226 2640 1394 2686 ἐμμένειν
1419 2642 1506 2676 libri
1592 2646 1659 2677 755
1685 2644 1769 2689 βρο-

249 2701 326 2734 τοῖς
340 2696 367 2728 ‚5
388 2697 425 2728 et
445 2694 577 2729 Christ.
598 2697 673 2739 pat.
691 2698 757 2728 789
834 2699 899 2728 758
925 2693 1073 2740 τυχοῠσ’
1098 2695 1136 2741 ἃ]
1157 2693 1304 2740 τυχοῦσ’
1329 2693 1380 2731 ὧν
1394 2697 1476 2730 ΕΡ
1546 2699 1613 2730 759
1639 2695 1769 2731 schol.:

250 2753 364 2781 ταῦτα
399 2747 489 2782 ἔνιοι
521 2751 570 2793 τῷ
603 2751 709 2794 χορῷ,
743 2747 834 2782 ἔνιοι
866 2753 909 2792 τῇ
941 2747 1093 2795 Μηδείᾳ
1124 2747 1393 2792 προσνέμουσιν
1527 2751 1592 2782 767
1620 2747 1772 2782 seclusit

252 2800 368 2834 Bothe
513 2804 578 2834 768
606 2800 698 2845 ἁνὴρ
725 2801 881 2845 Porson]
908 2801 1003 2845 ἀνὴρ
1030 2800 1115 2835 libri
1145 2803 1148 2844 Ι
1178 2801 1327 2845 μάλιστ*
1354 2801 1542 2846 κάμνομεν
1562 2801 1601 2834 Ε
1624 2800 1766 2844 μάλιστ’

252 2851 458 2896 ἐκάμνομεν
478 2854 534 2886 Ε2
630 2857 698 2887 769
724 2852 910 2897 πέφασται
930 2855 966 2888 Β
