1929 3208
855 142 939 174 ῙῼΝ
1640 140 1662 181 7

350 248 501 305 τρέφει
534 248 586 291 δέ
613 265 687 291 νιν
719 250 935 303 λαβοῦσα·
968 249 1045 291 τὸν
1078 250 1317 303 σπείραντα
1351 246 1398 290 δὲ

349 320 429 362 οὐκ
460 317 552 363 οἶδε
590 321 758 374 Φοῖβον
791 318 895 362 οὐδὲ
927 318 1078 375 μητέρ’
1114 317 1165 374 ἧς
1196 321 1296 374 ἔφυ,
1620 331 1665 361 50

349 391 371 433 ὁ
404 398 505 441 παῖς
535 406 580 433 τε
612 393 714 441 τοὺς
745 393 949 441 τεκόντας
982 391 1062 433 οὐκ
1094 390 1329 434 ἐπίσταται.

348 461 448 512 νεός
479 460 559 517 μὲν
592 459 673 504 οὖν
706 462 768 504 ὢν
801 463 1097 517 ἀμφιβωμίοις
1127 469 1313 517 τροφαῖς

351 530 469 587 ἠλᾶτ’
508 533 707 587 ἀθύρων·
743 533 801 583 ὡς
834 529 875 575 δ’
911 533 1184 588 ἀπηνδρώθη
1219 532 1365 588 δέμας,

347 607 523 659 Δελφοί
551 602 625 658 σφ’
664 606 818 646 ἔθεντο
851 604 1166 659 χρυσοφύλακα
1198 609 1277 645 τοῦ
1308 608 1421 645 θεοῦ

349 678 508 730 ταμίαν
540 691 585 717 τε
617 675 794 717 πάντων
825 676 994 728 πιστόν,
1028 674 1075 716 ἐν
1109 673 1149 716 δ’
1186 673 1446 729 ἀνακτόροις
1620 685 1664 715 55

347 751 458 788 θεοῦ
490 748 648 800 καταζῇ
683 744 800 801 δεῦρ’
839 744 904 787 ἀεὶ
937 746 1102 800 σεμνὸν
1134 747 1246 799 βίον.

349 816 554 873 Κρέουσα
587 815 627 859 δ’
663 817 690 871 ἡ
722 823 908 859 τεκοῦσα
939 817 1017 859 τὸν
1048 818 1230 859 νεανιάν

347 889 512 945 Ξούθῳ
545 895 741 943 γαμεῖται
778 894 1011 943 συμφορᾶς
1041 883 1212 930 τοιᾶσδ’
1248 889 1351 929 ἄπο·

348 956 403 1014 ἧν
435 967 529 1009 ταῖς
558 955 766 1013 Ἀθήναις
797 966 888 1008 τοῖς
919 974 964 1000 τε
1000 959 1397 1012 Χαλκωδοντίδαις,

351 1032 397 1072 οἳ
424 1035 506 1084 γῆν
539 1028 684 1085 ἔχουσ’
721 1029 934 1084 Εὐβοῖδα,
967 1028 1175 1084 πολέμιος
1205 1030 1400 1072 κλύδων·
1621 1041 1664 1072 60

349 1101 401 1143 ὃν
432 1102 717 1156 συμπονήσας
747 1099 819 1143 καὶ
854 1100 1100 1151 συνεξελὼν
1135 1098 1233 1155 δορὶ

350 1173 502 1227 γάμων
538 1173 766 1227 Κρεούσης
796 1169 946 1227 ἀξίωμ’
986 1170 1174 1226 ἐδέξατο,

348 1243 429 1285 οὐκ
461 1243 641 1298 ἐγγενὴς
673 1244 748 1296 ὥν,
785 1244 951 1286 Αἰόλου
983 1241 1031 1285 δὲ
1064 1250 1142 1285 τοῦ
1174 1244 1285 1293 Διὸς

348 1315 485 1369 γεγὼς
513 1312 697 1370 Ἀχαιός·
730 1316 886 1369 χρόνια
919 1312 966 1356 δὲ
1000 1316 1180 1370 σπείρας
1212 1313 1313 1369 λέχη

350 1386 527 1436 ἄτεκνός
559 1386 664 1438 ἐστι,
696 1384 768 1427 καὶ
801 1383 1013 1440 Κρέουσ’·
1047 1382 1108 1427 ὧν
1141 1385 1285 1427 εἵνεκα
1620 1398 1663 1427 65

348 1458 504 1511 ’ἥκουσι
536 1457 645 1511 πρὸς
677 1453 844 1511 μαντεῖ’
878 1452 1150 1506 ’Λπόλλωνος
1181 1456 1284 1498 τάδε

348 1530 474 1583 ε”ρωτι
506 1529 690 1570 παίδων.
752 1527 915 1578 Λοξίας
947 1525 994 1569 δὲ
1026 1528 1107 1582 τὴν
1139 1528 1277 1582 τύχην

349 1600 392 1649 ἐς
422 1596 540 1641 τοῦτ’
577 1598 764 1652 ἐλαύνει,
796 1599 878 1640 κού
911 1597 1113 1653 λέληθεν,
1148 1599 1206 1649 ὡς
1238 1600 1370 1641 δοκεῖ.

350 1671 481 1712 δώσει
513 1671 595 1725 γὰρ
629 1671 878 1712 εἰσελθόντι
910 1677 1117 1724 μαντεῖον
1149 1671 1249 1712 τόδε

350 1741 513 1799 Ξούθῳ
547 1742 623 1784 τὸν
656 1741 792 1783 αὑτοῦ
824 1741 973 1795 παῖδα,
1006 1739 1077 1782 καὶ
1109 1740 1352 1796 πεφυκέναι
1620 1754 1663 1785 ῖΟ

349 1816 501 1855 κείνου
534 1824 616 1868 σφε
649 1814 794 1867 φήσει,
828 1814 990 1868 μητρὸς
1021 1812 1080 1863 ὡς
1112 1812 1259 1854 ἐλθὼν
1292 1814 1457 1867 δόμους

347 1888 530 1939 γνωσθῇ
564 1884 783 1939 Κρεούσῃ,
815 1881 888 1924 καὶ
919 1883 1050 1938 γάμοι
1082 1899 1126 1925 τε
1160 1883 1326 1935 Λοξίου

348 1953 532 2010 κρυπτοὶ
564 1954 777 2009 γένωνται
809 1962 911 2005 παῖς
941 1951 977 1996 τ’
1013 1956 1088 2010 ἔχῃ
1121 1956 1173 1997 τὰ
1204 1957 1450 2010 πρόσφορα.

336 2025 467 2069 Ἴωνα
501 2023 540 2068 δ’
577 2026 726 2078 αὐτόν,
760 2023 949 2080 κτίστορ’
982 2023 1182 2076 ’Λσιάδος
1213 2028 1391 2080 χθονός,

348 2099 488 2153 ὄνομα
519 2100 756 2151 κεκλῆσθαι
788 2099 973 2150 θήσεται
1005 2096 1105 2138 καθ’
1137 2097 1338 2139 Ἑλλάδα.
1621 2109 1662 2139 75

347 2166 441 2210 ἀλλ’
480 2167 522 2218 ἐς
555 2168 768 2222 δαφνώδη
802 2168 942 2222 γύαλα
974 2169 1166 2222 βήσομαι
1199 2168 1316 2221 τάδε,

347 2240 395 2281 τὸ
429 2237 626 2293 κρανθὲν
658 2239 716 2289 ὡς
748 2238 802 2280 ἂν
835 2238 1014 2293 ἐκμάθω
1046 2240 1204 2289 παιδὸς
1235 2238 1346 2294 πέρι.

349 2310 436 2365 ὁρῶ
468 2311 550 2365 γὰρ
584 2309 844 2365 ἐκβαίνοντα
876 2310 1043 2361 Λοξίου
1075 2311 1212 2364 γόνον

347 2379 487 2434 τόνδ’,
519 2381 576 2430 ὡς
607 2382 691 2436 πρὸ
723 2387 835 2423 ναοῦ
867 2381 1040 2436 λαμπρὰ
1073 2385 1134 2437 θῇ
1167 2382 1407 2435 πυλώματα

234 2518 275 2548 51
298 2515 398 2549 delet
417 2515 454 2549 F.
477 2514 644 2550 Commer
717 2519 760 2549 52
781 2513 1031 2561 ἀμφιβωμ-ίοις
1049 2516 1219 2561 τροφαῖς]
1246 2515 1387 2560 scripsi,
1407 2514 1664 2560 ἀμφιβωμίους

138 2568 248 2611 (ἀμφὶ
275 2566 434 2612 βωμίους
453 2569 500 2612 Ρ)
524 2567 667 2612 τροφὰς
691 2569 777 2603 LP.
817 2568 889 2603 Sed
915 2568 999 2603 fort.
1026 2566 1111 2603 νέον
1138 2567 1203 2612 μὲν
1230 2565 1297 2602 οὖν
1323 2566 1398 2602 ὅντ’
1430 2568 1663 2614 ἁμφιβώμιος

138 2620 257 2664 τροφὴ
290 2619 411 2663 ἥταλλ’
448 2619 639 2664 ἀθύρονθ’
741 2625 785 2656 58
811 2620 902 2667 ἄπο]
933 2621 1157 2665 Wakefield,
1189 2620 1261 2655 ὕπο
1288 2622 1367 2656 LP
1460 2625 1504 2655 59
1531 2623 1661 2666 χαλκο-

139 2672 329 2712 δοντίδαις
349 2673 385 2707 Ρ
406 2675 443 2708 et
468 2675 558 2708 mut.
584 2673 623 2707 in
649 2672 961 2718 χαλκωδοντίδαις
986 2675 1038 2718 L,
1065 2673 1404 2719 χαλκωδοντιάδαις
1426 2673 1595 2708 Eustath.
1623 2674 1662 2709 in

139 2725 184 2760 Jl.
211 2738 245 2770 p.
273 2729 352 2770 ⁶381,
378 2729 424 2760 44
521 2730 565 2760 60
592 2726 744 2772 εὐβοΐδα
770 2728 849 2761 LP
943 2731 984 2762 61
1019 2728 1101 2762 fort.
1130 2728 1359 2769 συνεξελθὼν
1456 2730 1499 2761 65
1526 2726 1661 2762 οὕνεκα

139 2780 218 2814 1:1¹
311 2783 354 2814 68
387 2777 519 2823 λέληθέ
555 2778 591 2824 μ’
628 2779 859 2814 Schoemann
957 2785 1000 2815 70
1033 2782 1146 2815 αὐτοῦ
1178 2781 1259 2815 LP
1353 2783 1394 2813 71
1412 2792 1463 2824 sq.
1500 2779 1589 2826 ἔλθῃ
1618 2808 1624 2815 .
1653 2810 1659 2816 .

140 2833 318 2877 γνωσθεὶς
348 2832 477 2867 Vitelli
576 2837 637 2876 74,
669 2843 779 2876 quem
809 2832 924 2868 habet
954 2834 1123 2868 Eustath.
1156 2833 1195 2867 in
1228 2832 1334 2867 Dion.
1368 2845 1399 2867 v,
1433 2835 1518 2878 820,
1551 2835 1589 2868 eb
1618 2838 1660 2868 75

140 2885 240 2920 delet
263 2885 436 2930 Hartung
533 2889 575 2920 74
598 2884 735 2925 Ἀσίδος
760 2884 921 2920 Dindorf
1015 2890 1056 2921 79
1083 2886 1165 2921 fort.
1193 2884 1340 2930 πρόνοια
