1929 3208
760 153 987 186 HAEKTPA
1586 153 1599 192 l
1610 153 1636 191 ἴ)

292 261 528 315 ἀναίνομαι
561 258 609 301 δὲ
641 257 851 314 Κάστορ’,
884 253 918 316 ᾧ
951 257 1056 314 πρὶν
1089 258 1131 309 ἐς
1162 261 1298 308 θεοὺς

293 331 443 374 ἐλθεῖν
475 328 541 385 ἔμ’
579 330 863 385 ἐμνήστευον,
895 326 1033 372 οὖσαν
1067 329 1233 383 ἐγγενῆ.

291 404 432 458 μήτηρ
465 399 508 444 δ’
544 401 624 457 ἐμὴ
661 403 925 456 Φρυγίοισιν
957 400 1005 442 ἐν
1037 401 1334 454 σκυλεύμασιν

289 475 443 529 θρόνῳ
469 471 673 526 κάθηται,
706 472 814 526 πρὸς
846 468 886 512 δ’
923 469 1123 525 ἕδραισιν
1150 468 1316 519 Ἀσίδες
1567 483 1634 513 315

291 542 432 599 δμωαὶ
463 540 726 595 στατίζουσ’,
760 541 809 591 ἃς
841 539 986 596 ἔπερσ’
1026 540 1126 595 ἐμὸς
1158 543 1313 596 πατήρ,

286 613 422 656 Ἰδαῖα
455 613 573 668 φάρη
607 609 813 667 χρυσέαις
844 610 1096 666 ἐζευγμέναι

290 687 540 740 πόρπαισιν.
602 677 707 736 αἷμα
741 677 781 723 δ’
818 681 872 723 οὐ
903 683 1067 737 πατρὸς
1098 683 1205 723 κατὰ
1238 680 1392 736 στέγας

289 754 425 810 μέλαν
457 752 659 808 σέσηπεν,
692 751 739 802 ὃς
771 749 811 793 δ’
849 751 1019 794 ἐκεῖνον
1051 753 1246 806 ἔκτανεν,

289 827 332 876 ἐς
362 825 498 868 ταύτὰ
529 825 699 878 βαίνων
730 821 885 878 ἅρματ’
923 822 1105 879 ἐκφοιτᾷ
1137 822 1268 878 πατρὶ
1566 838 1632 867 320

286 895 358 939 καὶ
391 893 571 950 σκῆπτρ’
610 894 658 936 ἐν
689 889 754 944 οἷς
775 892 984 949 ’Ἕλλησιν
1017 894 1321 949 ἐστρατηλάτει

290 968 568 1022 μιαιφόνοισι
599 963 722 1020 χερσὶ
752 971 995 1019 γαυροῦται
1028 966 1188 1020 λαβών.

282 1036 607 1093 Ἀγαμέμνονος
639 1033 688 1078 δὲ
719 1036 885 1091 τύμβος
916 1035 1207 1091 ἠτιμασμένος

288 1109 411 1152 οὔπω
443 1108 547 1163 χοάς
578 1105 672 1149 ποτ’
712 1105 817 1149 οὐδὲ
848 1110 995 1149 κλῶνα
1027 1109 1243 1163 μυρσίνης

285 1182 426 1234 ἔλαβε,
458 1179 575 1234 πυρὰ
607 1176 656 1220 δὲ
686 1177 842 1233 χέρσος
873 1177 1192 1234 ἀγλαϊσμάτων.
1564 1193 1631 1222 325

284 1249 401 1306 μέθῃ
434 1247 483 1292 δὲ
513 1247 720 1305 βρεχθεὶς
749 1255 824 1303 τῆς
857 1248 959 1304 ἐμῆς
990 1251 1152 1305 μητρὸς
1182 1251 1310 1300 πόσις

287 1321 310 1363 ὁ
342 1322 528 1374 κλεινός,
561 1320 619 1370 ὡς
650 1318 872 1374 λέγουσιν,
904 1317 1151 1377 ἐνθρῴσκει
1181 1320 1307 1377 τάφῳ

285 1390 460 1447 πέτροις
490 1406 536 1433 τε
568 1391 686 1433 λεύει
717 1396 865 1446 μνῆμα
897 1390 1053 1432 λάινον
1083 1392 1247 1445 πατρὸς

284 1461 356 1505 καὶ
387 1468 517 1504 τοῦτο
549 1465 687 1518 τολμᾷ
719 1461 882 1511 τοῦπος
914 1462 975 1511 εἰς
1006 1461 1118 1516 ἡμᾶς
1149 1462 1309 1516 λέγειν·

285 1539 372 1576 ποῦ
403 1541 504 1583 παῖς
531 1532 748 1589 Ὀρέστης;
783 1528 867 1588 ἆρά
899 1543 970 1574 σοι
1000 1533 1149 1591 τύμβῳ
1181 1537 1324 1584 καλῶς
1561 1547 1630 1577 330

283 1604 437 1659 παρὼν
468 1603 644 1658 ἀμύνει;
677 1601 802 1645 ταῦτ’
838 1602 961 1645 ἀπὼν
991 1603 1221 1659 ὑβρίζεται.

285 1671 401 1728 ἀλλ’,
434 1671 467 1716 ὦ
500 1670 608 1729 ξέν’,
641 1674 816 1716 ἱκετεύω
850 1670 911 1728 σ’,
944 1673 1211 1728 ἀπάγγειλον
1242 1675 1357 1718 τάδε.

284 1744 439 1787 πολλοὶ
472 1741 512 1787 δ’
548 1744 892 1799 ἐπιστέλλουσιν,
924 1743 1138 1800 ἑρμηνεὺς
1169 1743 1208 1787 δ’
1247 1745 1346 1801 ἐγώ,

284 1817 333 1858 αἱ
361 1823 500 1871 χεῖρες
530 1815 557 1870 ἡ
589 1812 749 1870 γλῶσσ’
784 1815 811 1870 ἡ
843 1817 1117 1872 ταλαίπωρός
1149 1832 1194 1858 τε
1226 1818 1346 1872 φρὴν

284 1887 395 1942 κάρα
427 1883 466 1929 τ’
503 1886 609 1942 ἐμὸν
641 1886 822 1942 ξυρῆκες
854 1886 877 1928 ὅ
909 1884 946 1927 τ’
983 1886 1153 1928 ἐκεῖνον
1184 1889 1333 1930 τεκών.
1560 1902 1627 1931 335

284 1959 467 2013 αἰσχρὸν
498 1958 597 2012 γάρ,
629 1958 669 1999 εἰ
697 1958 838 2012 πατὴρ
871 1955 952 2012 μὲν
984 1956 1145 2008 ἐξεῖλεν
1182 1959 1374 2014 Φρύγας,

284 2028 307 2070 ὃ
341 2026 380 2069 δ’
417 2026 545 2084 ἄνδρ’
581 2026 645 2070 ἔν’
680 2023 741 2077 εἷς
773 2028 835 2069 ὢν
869 2028 922 2070 οὐ
955 2028 1191 2083 δυνήσεται
1222 2038 1398 2073 κτανεῖν

283 2098 384 2149 νέος
414 2099 619 2153 πεφυκὼς
650 2098 727 2149 κάξ
760 2098 992 2153 ἀμείνονος
1021 2101 1195 2155 πατρός.

132 2172 219 2212 ΧΟ.
279 2168 352 2212 καὶ
382 2170 470 2224 μὴν
502 2168 690 2225 δέδορκα
721 2170 865 2223 τόνδε,
899 2170 979 2212 σὸν
1012 2169 1123 2224 λέγω
1155 2173 1302 2226 πόσιν,

283 2239 472 2295 λήξαντα
504 2242 678 2296 μόχθου
709 2241 818 2296 πρὸς
850 2241 1014 2296 δόμους
1045 2241 1318 2297 ὡρμημένον.
1559 2256 1627 2287 340

199 2413 268 2444 313
295 2406 357 2455 ἐμὲ
382 2409 584 2454 μνήστευον
609 2410 688 2446 LG
766 2413 835 2444 314
863 2409 1092 2458 Φρυγίοισιν]
1120 2413 1275 2457 Φρυγῶν
1299 2411 1366 2456 μὲν
1391 2412 1555 2457 Elmsley

106 2466 173 2496 315
200 2461 365 2506 ἕδραισιν
384 2461 544 2509 Ἀσίδες]
576 2463 764 2498 Hermann
790 2462 935 2509 (ἕδραις
959 2463 1034 2498 iam
1061 2464 1265 2510 Scaliger),
1303 2464 1413 2510 ἕδρας
1443 2466 1628 2509 ἀσιήτιδες

106 2515 183 2549 LG
280 2519 347 2550 318
374 2515 409 2550 δ’
440 2517 501 2562 οὐ]
529 2516 669 2561 scripsi,
697 2515 732 2551 δ’
763 2516 814 2551 ἔτι
832 2517 883 2560 L,
910 2516 952 2551 δέ
975 2531 1010 2552 τι
1038 2518 1070 2552 G
1180 2522 1248 2552 324
1280 2518 1382 2553 οὔπω
1408 2519 1498 2564 χοάς
1523 2519 1625 2566 ποτἸ

105 2568 256 2611 Porson‚
282 2567 468 2603 οὐπώποτ’
493 2569 536 2603 οὐ
556 2569 646 2614 χοὰς
659 2570 737 2605 LG
810 2574 877 2604 327
897 2569 1054 2617 κλεινός]
1081 2569 1211 2611 καινός
1224 2571 1418 2606 Kjrehhoff
1436 2574 1441 2618 Ι
1465 2572 1626 2616 ἐνθρώσ-

106 2633 162 2654 κει
187 2621 265 2655 LG
287 2623 292 2666 1
322 2620 444 2668 τάφῳ]
469 2621 552 2657 fort.
579 2625 690 2670 πυρᾷ,
742 2621 812 2658 Cfr.
841 2622 901 2658 Or.
927 2627 996 2658 403
1103 2627 1170 2658 328
1197 2623 1304 2659 λαίου
1330 2626 1371 2658 ut
1396 2624 1467 2659 vid.
1498 2625 1531 2660 G

106 2676 174 2707 332
201 2672 410 2718 ἀπάγγελον
439 2673 472 2708 G
557 2678 625 2709 333
650 2676 757 2710 πολοὶ
780 2676 825 2720 G,
850 2677 977 2711 πολλοὶ
1001 2688 1024 2722 9
1046 2678 1050 2721 Ι
1073 2676 1157 2711 fort.
1185 2675 1451 2712 ἐπιστέλλουσιν
1477 2677 1627 2722 ἑρμηνεῖ

105 2725 209 2773 λόγῳ.
262 2725 411 2771 ἑρμηνῒς
435 2728 524 2761 mut.
551 2727 589 2761 in
616 2727 792 2772 ἑρμηνεὺς
819 2729 852 2764 G
949 2733 1017 2764 334
1042 2733 1183 2775 γλῶσσα
1209 2730 1286 2765 LG
1315 2731 1319 2775 Ι
1351 2734 1419 2764 334
1440 2743 1492 2774 sq,
1525 2731 1625 2766 delet

105 2778 260 2814 Kvieala
285 2783 372 2823 (335
412 2779 576 2824 spurium
607 2779 787 2815 iudicavit
818 2781 998 2827 Schenkl)
1119 2787 1186 2816 335
1220 2782 1239 2817 ὅ
1264 2782 1296 2817 τ’
1327 2783 1469 2818 ἐκεῖνον
1494 2785 1624 2830 τεκών]

106 2830 203 2876 ὄμμα
222 2830 255 2866 τ’
280 2830 432 2867 ἐκτακέν
451 2832 581 2867 Vitelli
603 2834 607 2878 Ι
630 2832 773 2868 ἐκείνου
793 2834 981 2869 Victorius
1055 2840 1121 2870 336
1149 2836 1258 2878 ἐξεῖλε
1278 2836 1356 2871 LG
1430 2842 1497 2871 339
1517 2837 1623 2884 λέγω]

105 2883 198 2932 λόγῳ
224 2884 272 2920 Μ.
300 2884 468 2920 Schmidt
564 2890 632 2920 340
659 2886 870 2932 ὁρμώμενον
895 2888 1010 2934 Paley
