1929 3208
183 836 224 864 10

253 75 275 114 4

253 182 330 234 τήν
373 188 570 234 γυναῐκα.
634 182 736 236 παρ’
779 182 995 238 οὐδετέρῳ
1037 189 1173 224 κεῖται
1214 183 1239 236 ἡ
1272 185 1529 236 μυθοποιία.
1592 185 1639 225 τὸ
1673 185 1816 238 δρᾶμα

251 251 439 306 ἐποιήθη
473 251 533 302 ιζ’.
578 251 792 307 ἐδιδάχθη
819 251 889 294 ἐπὶ
918 255 1168 294 Γλαυκίνου
1196 254 1408 308 ἄρχοντος
1441 252 1507 296 κε’
1539 255 1601 296 ὀλ.
1647 262 1817 308 πρῶτος

251 320 305 375 ἦν
352 326 604 376 Σοφοκλῆς,
648 323 853 377 δεύτερος
897 323 1142 378 Εὐριπίδης
1188 326 1434 379 Κρήσσαις,
1473 323 1711 379 Ἀλκμέωνι
1755 330 1816 382 τῷ

251 394 322 434 διὰ
366 395 596 447 Ψωφῖδος,
636 393 834 450 Τηλέφῳ,
860 392 1124 449 Ἀλκήστιδι,
1158 396 1332 450 (τρίτος
1353 428 1360 436 .
1382 430 1389 438 .
1412 395 1460 440 .>.
1511 397 1559 438 τὸ
1593 396 1641 438 δὲ
1674 397 1817 451 δρᾶμα

251 464 556 518 κωμικωτέραν
601 463 687 519 ἔχει
731 466 811 519 τὴν
856 469 1177 521 καταστροφήν.
1240 467 1266 520 ἡ
1305 468 1443 521 σκηνὴ
1485 473 1564 509 τοῦ
1597 468 1816 521 δράματος

251 535 474 577 ὑπόκειται
507 535 556 577 ἐν
593 539 772 591 Φεραῖς,
813 542 889 593 μιᾷ
920 538 1045 578 πόλει
1076 544 1151 592 τῆς
1185 539 1432 587 Θετταλίας.
1497 537 1735 593 συνέστηκε
1769 539 1817 580 δὲ

250 606 272 647 ὁ
305 608 434 661 χορὸς
466 605 513 648 ἔκ
546 623 680 649 τινων
712 609 975 662 πρεσβυτῶν
1008 607 1239 662 ἐντοπίων,
1271 609 1316 650 οἳ
1346 608 1456 663 [null
1495 610 1817 664 παραγίνονται

249 680 618 732 συμπαθήσοντες
663 685 713 734 τῇ
761 685 836 733 τῆς
875 677 1156 732 Ἀλκήστιδος
1199 684 1418 737 συμφορᾷ.
1493 681 1742 734 προλογίζει
1793 680 1815 723 ὁ

247 748 479 790 Ἀπόλλων.
543 749 628 791 εἰσὶ
660 749 709 791 δὲ
740 751 934 805 χορηγοί.

316 821 372 862 Τὸ
406 821 454 862 δὲ
486 821 629 875 δρᾶμα
661 820 753 863 ἐστι
785 822 1151 876 σατυρικώτερον,
1184 822 1250 864 ὅτι
1280 822 1341 872 εἰς
1373 823 1514 877 χαρὰν
1545 822 1618 864 καὶ
1648 822 1816 876 ἡδονὴν

249 891 550 946 καταστρέφει.
612 893 729 946 παρὰ
761 898 853 942 τοῖς
884 899 1106 947 τραγικοῖς
1137 891 1394 947 ἐκβάλλεται
1425 893 1483 943 ὡς
1514 892 1710 935 ἀνοίκεια
1742 899 1817 947 τῆς

249 969 456 1017 τραγικῆς
487 965 702 1018 ποιήσεως
734 961 757 1005 ὅ
791 979 836 1005 τε
874 962 1074 1019 Ὀρέστης
1105 963 1177 1005 καὶ
1208 963 1234 1017 ἡ
1256 961 1508 1018 ’Ἀλκηστις,
1540 964 1598 1014 ὡς
1630 963 1676 1006 ἐκ
1710 974 1816 1017 συμ-

251 1039 392 1088 φορᾶς
423 1034 503 1087 μὲν
536 1034 775 1089 ἀρχόμενα,
817 1035 879 1084 εἰς
919 1034 1208 1088 εὐδαιμονίαν
1249 1033 1298 1076 δὲ
1338 1034 1411 1076 καὶ
1442 1035 1582 1090 χαρὰν
1615 1036 1817 1089 λήξαντα,

250 1105 276 1145 ἅ
309 1103 399 1146 ἐστι
431 1108 599 1158 μᾶλλον
630 1106 859 1162 κωμῳδίας
891 1104 1085 1160 ἐχόμενα.

310 1233 371 1267 lin.
404 1238 418 1267 1
458 1235 495 1267 in
532 1241 690 1278 γυναῖκα
726 1234 866 1269 desinit
891 1234 1073 1275 Eudocia,
1110 1234 1148 1268 in
1174 1233 1385 1279 μυθοποιία
1418 1233 1529 1269 schol.
1557 1234 1650 1268 Plat.
1687 1237 1690 1278 Ι
1726 1233 1814 1277 παρ’

251 1302 293 1306 —-
322 1281 582 1326 καταστροφήν
617 1281 694 1326 (lin.
723 1284 757 1325 5)
794 1293 863 1316 om
891 1294 914 1316 a
945 1281 951 1327 Ι
987 1283 1029 1317 τὸ
1057 1281 1522 1326 δρᾶμα-καταστροφήν
1551 1292 1620 1316 om.
1649 1282 1689 1323 Ο,
1717 1281 1815 1316 solus

251 1329 367 1372 igitur
392 1329 550 1363 servavit
577 1330 612 1363 Β
646 1331 651 1374 l
683 1329 807 1373 δράμοι
833 1329 900 1374 <sic
927 1330 1084 1373 semper)
1110 1330 1147 1364 B
1270 1333 1289 1362 2
1321 1329 1382 1364 πε’
1409 1329 1460 1363 ὀλ.
1489 1328 1731 1374 (ὀλυμπιάδος
1756 1329 1816 1363 πε’

250 1386 322 1422 ἔτει
349 1387 519 1434 δευτέρῳ)
547 1388 726 1434 Dindorf]
753 1385 794 1423 τὸ
821 1379 839 1422 λ
865 1388 901 1422 Β
936 1390 941 1432 Ι
975 1393 1121 1432 πρῶτος
1147 1387 1324 1432 Dindorf]
1354 1393 1501 1431 πρῶτον
1528 1389 1564 1423 Β
1687 1392 1705 1421 3
1734 1389 1816 1423 δεύ-

251 1448 354 1479 τερος
382 1423 558 1481 Dindorf]
587 1437 759 1479 δεύτερον
784 1436 820 1470 Β
842 1437 847 1476 Ι
870 1434 1061 1479 Ἀλκμέωνι
1088 1446 1131 1470 ex
1157 1435 1294 1470 Anecd.
1322 1435 1436 1470 Oxon.
1463 1435 1533 1471 vol
1560 1435 1594 1469 ΙΙ
1621 1447 1655 1480 p.
1678 1439 1757 1478 337,
1779 1438 1816 1479 4]

251 1483 346 1527 ἀλκμ
349 1482 449 1518 αιόνι
475 1484 511 1517 Β
607 1487 629 1517 4
657 1483 721 1518 διὰ
751 1485 932 1527 Ψωφῖδος
957 1483 1135 1527 Dindorf]
1163 1483 1387 1541 διαψωφίλω
1414 1484 1451 1518 Β
1484 1486 1489 1528 1
1523 1482 1694 1518 lacunam
1718 1463 1815 1518 in'di-

250 1530 350 1564 cavit
374 1530 571 1565 Kirchhoff
641 1535 661 1565 5
682 1530 917 1574 κατασκευὴν
942 1531 978 1566 Β
1004 1529 1189 1574 καταστρὸ
1215 1531 1250 1575 (i.
1272 1541 1302 1565 e.
1329 1531 1606 1575 καταστροφήν)
1633 1541 1814 1575 suprascr.

251 1578 304 1611 Β1
338 1580 342 1621 1
378 1577 414 1623 ἡ]
455 1577 477 1621 ἡ
503 1576 568 1622 μέν
594 1590 618 1613 α
716 1582 735 1612 6
763 1578 956 1659 συνέστήζκε
983 1578 1023 1613 δὲ
1051 1578 1069 1613 ὁ
1096 1577 1220 1624 χορός]
1249 1577 1267 1613 ὁ
1293 1579 1333 1613 δὲ
1359 1576 1470 1632 χορὸς
1497 1576 1719 1623 συνέστηκεν
1745 1589 1768 1612 a

252 1629 268 1658 7
298 1626 361 1659 καὶ
390 1624 528 1660 delevit
553 1625 593 1659 E.
616 1625 804 1660 Schwartz
902 1630 992 1671 8τῇ
1017 1628 1081 1670 τῆς
1109 1654 1115 1660 .
1139 1654 1144 1660 .
1169 1654 1174 1659 .
1198 1631 1369 1674 συμφορᾷ
1396 1626 1527 1670 scripsi
1561 1627 1617 1671 (τῇ
1640 1653 1646 1659 .
1670 1654 1676 1659 .
1700 1653 1706 1659 .
1729 1636 1815 1669 συμ-

251 1678 351 1720 φορᾷ
376 1672 540 1731 Nauck)]
568 1678 633 1718 τῆς
660 1701 666 1707 .
691 1701 696 1706 .
721 1702 726 1707 .
756 1679 948 1717 συμφορᾶς
974 1674 1010 1708 Β
1049 1678 1132 1714 ταῖς
1160 1701 1165 1707 .
1189 1701 1195 1707 .
1219 1700 1225 1707 .
1254 1679 1461 1718 συμφοραῖς
1487 1685 1510 1708 α
1548 1677 1613 1718 τῆς
1635 1701 1640 1707 .
1665 1701 1670 1706 .
1695 1701 1700 1707 .
1729 1683 1816 1717 συμ-

253 1725 352 1768 φορᾷ
378 1721 408 1755 O
443 1722 448 1763 1
482 1719 501 1755 ὁ
528 1721 580 1766 Β]
607 1719 647 1755 δὲ
674 1732 698 1755 a
819 1724 839 1754 9
867 1721 1037 1755 ἀπόλλων
1063 1722 1101 1764 α]
1133 1719 1234 1765 ἥλιος
1260 1722 1295 1755 Β
1331 1723 1335 1765 Ι
1369 1720 1537 1755 εἰσιδ’-
1559 1720 1717 1766 ἐχόμενα
1743 1722 1815 1765 (14)

251 1778 319 1802 om.
336 1779 359 1802 α
382 1767 387 1813 Ι
409 1767 516 1802 εἰσιδ’
536 1767 706 1827 ἕχορηγοὶ
726 1768 762 1803 Β
789 1768 859 1803 εἰσὶ
887 1768 926 1803 δὲ
952 1769 1121 1814 χορηγοὶε
1150 1767 1284 1812 (spatio
1304 1779 1420 1803 vacuo
1446 1769 1531 1812 post
1557 1769 1596 1803 δὲ
1623 1767 1766 1811 relicto)
1788 1768 1819 1803 G

252 1814 447 1856 Εἰσίδοτος
473 1815 510 1860 (i
537 1825 566 1850 8
590 1814 782 1859 Ἰσίδοτος)
802 1815 967 1860 ἐχορήγει
985 1815 1156 1859 Dindorf‚
1176 1815 1240 1859 qui
1265 1817 1392 1850 monet
1416 1815 1508 1850 haec
1532 1815 1645 1849 verba
1670 1816 1815 1860 partem

251 1862 481 1897 didascaliae
507 1862 666 1906 ideoque
692 1865 778 1907 post
796 1862 970 1897 lacunam
997 1863 1060 1897 lin.
1081 1867 1102 1897 4
1124 1862 1344 1897 collocanda
1364 1874 1455 1907 esse,
1479 1862 1628 1903 Τεισίας
1649 1862 1816 1908 ἐχορήγει

252 1910 373 1955 Bergk
496 1913 627 1954 10sqq.
665 1911 761 1945 hanc
799 1910 1043 1954 appendicem
1082 1910 1219 1945 diversi
1244 1910 1406 1945 auctoris
1433 1921 1512 1945 8888
1539 1911 1714 1954 8111181817,
1750 1909 1814 1944 cfr.

252 1957 410 1992 alterum
436 1959 696 2002 argumentum
718 1957 859 1993 Orestis
880 1957 1030 1992 fabulae
1129 1961 1169 1991 11
1197 1964 1275 1997 τοῖς
1299 1960 1502 2003 τραγικοῖς]
1530 1965 1609 1997 τοῖς
1633 1964 1816 2002 κριτικοῖς

252 2004 292 2039 G.
314 2005 505 2039 Hermann
531 2011 607 2040 τῶν
632 2011 895 2050 γραμματικῶν
922 2016 1128 2049 anonymus
1155 2005 1257 2049 apud
1281 2005 1505 2048 Naucffium,
1535 2005 1668 2039 deletis
1694 2004 1815 2039 verbis

251 2052 353 2095 παρὰ
378 2060 456 2092 τοῖς
481 2059 670 2098 τραγικοῖς
695 2053 828 2088 inserit
852 2053 917 2087 καὶ
942 2053 982 2087 Ε.
1005 2052 1205 2094 Schwartz
1233 2052 1297 2087 cfr.
1325 2053 1373 2086 ad
1399 2052 1463 2087 lin.
1487 2056 1530 2087 14
1553 2053 1557 2097 Ι
1581 2052 1750 2088 ἀνοίκειοι
1771 2053 1814 2098 G]

252 2099 440 2141 ἀνοικειάς
466 2101 503 2135 Β
625 2104 667 2135 13
694 2100 957 2145 καταλήξαντα
983 2100 1013 2136 C'
1120 2104 1164 2134 14
1191 2115 1214 2135 α
1241 2099 1316 2135 ἐστι
1341 2099 1546 2143 Hermann]
1574 2099 1650 2135 ἐστί
1677 2100 1713 2134 Β
1740 2099 1815 2134 ἔστι

251 2148 291 2181 δὲ
329 2147 359 2183 C
403 2149 406 2191 Ι
452 2149 538 2191 post
581 2148 737 2194 ἐχόμενα
782 2148 890 2182 addit
933 2146 1050 2183 πολλὰ
1094 2148 1134 2183 δὲ
1172 2154 1327 2183 τοιαῦτα
1363 2146 1465 2192 παρὰ
1508 2153 1585 2188 τοῖς
1628 2152 1816 2191 τραγικοῖς

251 2195 290 2229 E.
313 2193 512 2237 Schwartz,
540 2195 582 2230 cl.
605 2195 718 2230 schol
746 2195 805 2230 Or.
829 2198 917 2230 1691
945 2195 968 2240 ἡ
993 2194 1194 2239 κατάληξις
1219 2200 1284 2239 τῆς
1308 2193 1516 2253 τραγῳδίας
1543 2193 1564 2238 ἢ
1591 2195 1643 2235 εἰς
1669 2197 1814 2238 θρῆιον

252 2241 273 2285 ἡ
300 2241 351 2282 εἰς
376 2242 502 2283 πάθος
528 2244 716 2286 καταλύει,
755 2242 777 2286 ἡ
816 2243 855 2278 δὲ
892 2247 956 2287 τῆς
987 2241 1184 2289 κωμῳδίας
1219 2242 1271 2283 εἰς
1306 2241 1469 2283 σπονδὰς
1503 2242 1568 2276 καὶ
1603 2242 1756 2276 διαλλαν
1738 2241 1813 2286 2¹0²?-

252 2288 342 2324 ὅθεν
370 2290 503 2333 ὁρᾶται
528 2289 612 2326 τόδε
637 2291 679 2326 τὸ
706 2292 830 2334 δρᾶμα
855 2295 998 2335 κωμικῇ
1029 2289 1224 2333 καταλήξει
1249 2289 1495 2348 χρησαμενον·
1523 2289 1720 2333 διαλλαγαὶ
1746 2289 1815 2333 γὰρ

251 2338 342 2396 πρὸς
368 2337 561 2373 Μενέλαον
599 2339 663 2372 καὶ
700 2337 882 2382 Ὀρεστην
934 2336 1025 2372 ἀλλὰ
1062 2337 1127 2372 καὶ
1159 2338 1198 2372 ἐν
1232 2342 1275 2383 τῇ
1303 2335 1404 2381 Αλκη
1397 2336 1506 2372 στιδι
1541 2336 1581 2371 ἐκ
1617 2341 1814 2380 συμφορῶν

252 2384 303 2424 εἰς
329 2385 560 2442 εὐφροσύνην
598 2385 662 2419 καὶ
701 2385 914 2443 ἀναβιοτήν.
967 2383 1100 2429 ὁμοίως
1133 2385 1197 2418 καὶ
1233 2383 1272 2419 ἐν
1301 2387 1420 2428 Τυροῖ
1448 2382 1689 2428 Σοφοκλέους
1724 2384 1814 2419 ἀνα-

252 2446 292 2476 γι
296 2429 453 2475 ωρισμος
479 2431 574 2467 κατὰ
608 2433 650 2467 τὸ
685 2432 787 2474 τέλος
823 2431 962 2477 γίνεται
997 2432 1060 2466 καὶ
1087 2431 1212 2473 ἁπλῶς
1238 2431 1355 2467 εἰπεῖν
1385 2431 1502 2467 πολλὰ
1527 2437 1681 2467 τοιαῦτα
1709 2431 1746 2465 ἐν
1772 2436 1815 2475 τῇ

251 2479 438 2527 τραγῳδίᾳ
464 2479 684 2523 εὑρίσκεται.
