1929 3208
804 184 967 216 EKABH
1590 183 1646 222 29

304 292 489 345 Πρίαμε,
522 290 676 344 γεραιά
707 287 755 331 θ’
785 288 854 343 ἥδ’
887 289 970 343 ἐγὼ
1003 291 1143 343 μήτηρ
1176 289 1362 342 τέκνων,

303 362 361 410 ὡς
393 361 436 411 ἐς
467 363 515 403 τὸ
548 359 684 416 μηδὲν
718 361 903 415 ἥκομεν,
936 363 1220 415 φρονήματος

303 438 382 474 τοῦ
413 431 518 486 πρὶν
551 431 784 487 στερέντες.
847 428 939 473 εἶτα
972 429 1065 486 δῆτ’
1097 432 1349 486 ὀγκούμεθα

303 503 326 545 ὃ
359 502 440 558 μέν
471 519 536 553 τις
567 503 690 558 ἡμῶν
721 504 973 545 πλουσιόισι
1006 503 1223 556 δώμασιν,

304 573 326 615 ὃ
361 572 400 616 δ’
432 573 480 616 ἐν
511 577 708 623 πολίταις
739 576 881 628 τίμιος
910 573 1184 628 κεκλημένος.
1579 585 1646 614 4325

303 646 355 686 τὰ
388 644 427 686 δ’
460 644 611 688 οὐδέν·
645 646 785 694 ἄλλως
817 645 1073 698 φροντίδων
1103 646 1380 698 βουλεύματα

302 717 504 770 γλώσσης
534 732 579 758 τε
611 718 782 770 κόμποι.
843 723 987 764 κεῖνος
1019 715 1301 768 ὀλβιώτατος,

306 787 390 844 ὅτῳ
423 784 513 828 κατ’
545 783 661 841 ἦμαρ
692 786 898 842 τυγχάνει
931 783 1070 840 μηδὲν
1101 787 1247 826 κακόν.

154 925 239 964 ΧΟ.
303 920 398 975 ἐμοὶ
431 927 540 976 χρῆν
573 922 829 976 συμφοράν,
1427 922 1587 975 stroph.

304 990 399 1047 ἐμοὶ
431 999 543 1047 χρῆν
573 993 778 1047 πημονὰν
808 991 1042 1046 γενέσθαι,
1580 1005 1646 1033 ⁴2:50

300 1059 464 1105 Ἰδαιάν
496 1064 566 1106 ὅτε
597 1071 774 1119 πρῶτον
803 1063 916 1106 ὕλαν

299 1130 584 1189 Ἀλέξανδρος
615 1136 839 1177 εἰλατίναν

303 1204 496 1260 ε’τάμεθ’,
530 1206 657 1248 ἅλιον
691 1204 758 1248 ἐπ’
793 1202 925 1260 οἶδμα
956 1207 1272 1259 ναυστολήσων

296 1275 475 1326 Ἑλένας
506 1275 575 1319 ἐπὶ
607 1276 782 1331 λέκτρα,
814 1278 894 1318 τὰν
1580 1288 1645 1317 635

301 1350 540 1390 καλλίσταν
572 1348 594 1390 ὁ
627 1350 885 1403 χρυσοφαὴς

291 1417 439 1469 “Ἀλιος
471 1419 658 1472 αὐγάζει.

302 1556 432 1597 πόνοι
463 1556 547 1609 γὰρ
579 1553 650 1596 καὶ
681 1556 833 1596 πόνων
1424 1554 1587 1595 antistr.

304 1626 489 1680 ἀνάγκαι
521 1628 773 1680 κρείσσονες
803 1629 1080 1667 κυκλοῦνται.

302 1698 455 1739 κοινὸν
488 1695 528 1738 δ’
559 1697 604 1747 ἐξ
637 1697 751 1746 ἰδίας
782 1696 935 1746 ἀνοίας
1581 1707 1648 1737 640

303 1769 439 1811 κακὸν
470 1773 523 1825 τᾷ
555 1769 823 1822 Σιμουντίδι
852 1774 909 1824 γᾷ

304 1839 513 1895 ὀλέθριον
546 1841 672 1894 ἔμολε
705 1839 912 1894 συμφορά
942 1838 979 1881 τ’
1011 1837 1083 1880 ἀπ’
1115 1840 1273 1880 ἄλλων.

303 1909 458 1964 ἐκρίθη
492 1909 534 1952 δ’
563 1912 673 1964 ἔρις,
706 1909 760 1952 ἃν
792 1910 840 1952 ἐν
859 1909 919 1951 ’'I-

304 1983 358 2038 δα
391 1983 531 2035 κρίνει
562 1982 742 2035 τρισσὰς
774 1982 982 2035 μακάρων
1580 1992 1648 2022 645

303 2053 461 2102 παῖδας
493 2052 604 2106 ἀνὴρ
636 2053 817 2106 βούτας,

304 2181 373 2224 ἐπὶ
406 2181 505 2236 δορὶ
536 2181 608 2223 καὶ
639 2184 763 2238 φόνῳ
796 2181 867 2223 καὶ
900 2182 1016 2237 ἐμῶν
1048 2183 1284 2237 μελάθρων
1317 2183 1456 2238 λώβα·

303 2253 445 2295 στένει
478 2251 526 2295 δὲ
557 2255 634 2294 καί
661 2269 724 2302 τις
757 2252 868 2307 ἀμφὶ
900 2254 978 2295 τὸν
1009 2253 1171 2306 εὔροον
1206 2254 1419 2306 Εὐρώταν
1581 2264 1648 2294 650

306 2325 507 2366 Λάκαινα
538 2325 869 2379 πολυδάκρυτος
901 2323 948 2365 ἐν
982 2325 1134 2378 δόμοις
1165 2327 1294 2378 κόρα,

126 2501 287 2535 umbrave
314 2502 347 2545 (ο
374 2511 452 2544 sup,
481 2514 507 2534 ω
535 2511 600 2534 scr.
628 2512 674 2534 m.
698 2504 731 2544 1)
758 2500 797 2534 E
821 2498 1054 2534 εὐτεκνότατε
1080 2499 1166 2534 Βαῖ
1198 2500 1448 2534 εὐτεκνώτατα
1474 2501 1508 2534 Α
1544 2499 1648 2543 εὐγο-

127 2555 264 2588 νώτατε
293 2554 326 2587 G
435 2557 500 2588 621
528 2551 573 2588 θ’
596 2551 678 2599 ἥδ’]
705 2551 742 2588 δ’
766 2555 801 2588 Β
915 2556 982 2587 623
1009 2553 1230 2597 ὠγκούμεθα
1257 2552 1297 2588 G.
1326 2552 1476 2587 Schmid
1580 2555 1643 2585 624

127 2604 332 2641 πλουσίοισι
358 2607 492 2652 Bothe]
525 2605 714 2646 πλουσίοις
739 2606 778 2641 ἐν
805 2606 891 2640 libri
1013 2610 1081 2640 626
1107 2606 1152 2640 τὰ
1178 2604 1215 2640 δ’
1239 2605 1391 2651 Reiske]
1417 2603 1502 2639 τάδ’
1527 2604 1612 2638 libri

128 2658 238 2694 οὐδὲν
263 2657 343 2693 ἀλλ’
365 2658 387 2703 ἢ
413 2659 548 2694 Reiske
640 2663 707 2693 628
734 2665 901 2704 κατῆμαρ
927 2660 1005 2694 AL
1091 2662 1159 2692 635
1187 2657 1310 2703 ἑλένης
1335 2659 1369 2692 L
1455 2662 1520 2691 637
1553 2656 1650 2702 ἥλιος

128 2714 163 2747 Β
196 2711 298 2752 ἅλιος
329 2724 352 2746 α
382 2711 405 2757 ἥ
438 2724 516 2757 sup.
550 2712 573 2746 ἅ
606 2723 672 2746 scr.
704 2712 745 2746 ae
866 2716 932 2746 638
959 2713 1022 2746 καὶ
1049 2723 1118 2746 om.
1146 2713 1180 2746 L
1302 2715 1367 2745 639
1396 2710 1588 2753 κρέσσονες
1616 2711 1648 2745 G

128 2764 290 2810 μείζονες
315 2766 351 2800 Β
472 2768 537 2799 641
565 2770 761 2809 τᾶι-γᾶι
786 2777 809 2799 a
840 2770 862 2809 ῆ
888 2764 946 2799 bis
973 2777 1051 2810 sup.
1085 2770 1108 2798 ᾶ
1136 2777 1202 2799 scr.
1230 2765 1271 2799 ct*
1295 2767 1340 2811 τᾷ
1357 2769 1459 2809 -γῇ
1489 2764 1522 2795 (r'
1556 2766 1560 2807 Ι
1596 2775 1647 2798 σι-

128 2817 293 2862 μουντίδι
323 2818 418 2864 ΑΒ]
446 2815 662 2865 σιμουντίδᾳ
688 2829 706 2851 ν
821 2822 888 2852 642
914 2816 948 2852 τ’
972 2816 1040 2852 ἀπ’
1063 2818 1181 2853 ἄλλων
1208 2816 1253 2862 (τ’
1277 2817 1450 2851 ἀπάλλων
1476 2817 1586 2862 AB)]
1611 2829 1648 2851 τε

127 2871 272 2916 τλάμων
292 2870 390 2905 Weil
416 2870 499 2905 fort.
521 2883 557 2904 τε
577 2869 728 2905 πάντων
749 2868 805 2910 (θ’
829 2870 1004 2905 ἁπάντων
1025 2871 1062 2906 F.
1084 2871 1149 2906 Gu.
1173 2870 1354 2915 Schmidt)
1428 2873 1496 2904 650
1517 2870 1649 2913 εὔρουν

129 2924 334 2970 Hermann]
362 2924 495 2967 εὔρουν
520 2923 673 2958 AaEL
700 2923 856 2967 εὔρρουν
881 2924 961 2958 BG
