1929 3208
792 154 959 187 EAENII
1578 151 1633 191 65

260 262 314 303 οὐ
334 268 496 311 κτενεῖς
515 261 639 317 ἡμῶν
661 260 866 314 ἑκόντων,
887 257 981 302 ἀλλ’
1007 258 1095 314 ἔμ’·
1116 259 1174 309 ὡς
1193 259 1277 313 πρὸ
1296 259 1520 300 δεσποτῶν
1543 268 1633 299 1640

255 339 369 375 τοῖσι
401 334 645 386 γενναίοισι
664 332 857 381 ,δούλοις
888 330 1197 373 εὐκλεέστατον
1229 335 1400 372 θανεῖν.

733 467 1006 500 ΔΙΟΣΚΟΡΟῙ.

259 538 428 593 ἐπίσχες
461 539 595 593 ὀργὰς
626 534 746 581 αἷσιν
779 539 859 580 οὐκ
892 538 1041 592 ὀρθῶς
1072 537 1200 593 φέρῃ,

258 609 546 664 Θεοκλύμενε,
579 615 657 663 γῆς
687 606 812 664 τῆσδ’
848 608 974 660 ἄναξ·
1009 607 1155 650 δισσοὶ
1188 607 1240 650 δέ
1269 619 1316 650 σε

255 682 495 734 Διόσκοροι
528 683 767 733 καλοῦμεν,
800 678 878 729 οὓς
911 679 1037 733 Λήδα
1068 675 1172 720 ποτε

255 752 418 792 ἔτικτεν
443 749 626 804 Ἑλένην
658 746 723 803 θ’,
755 750 782 804 ἣ
815 749 1003 805 πέφευγε
1036 750 1144 798 σοὺς
1175 749 1355 803 δόμους·
1540 760 1631 790 1615

256 822 308 863 οὐ
340 822 422 877 γὰρ
454 820 806 876 πεπρωμένοισιν
839 820 988 875 ὀργίζῃ
1021 819 1190 874 γάμοις,

255 882 368 934 οὐδ”
388 892 414 946 ἡ
446 896 555 942 θεᾶς
587 892 796 947 Νηρῇδος
828 892 1007 945 ἔκγονος
1039 892 1146 945 κόρη

254 962 398 1004 ἀδικεῖ
426 960 466 1004 σ’
503 962 670 1018 ἀδελφὴ
704 964 872 1016 Θεονόη
905 963 957 1003 τὰ
989 968 1076 1003 τῶν
1109 966 1230 1003 θεῶν

255 1040 421 1087 τιμῶσα
453 1034 616 1087 πατρός
646 1031 684 1074 τ’
722 1033 925 1082 ἐνδίκους
957 1031 1196 1081 ἐπιστολάς.

255 1104 298 1154 ἐς
329 1101 409 1159 μὲν
441 1105 523 1159 γὰρ
543 1103 691 1146 αὐτὸν
722 1104 801 1146 τὸν
832 1104 1027 1159 παρόντα
1058 1109 1143 1145 νῦν
1177 1105 1339 1158 χρόνον
1541 1115 1631 1144 1650

256 1176 408 1228 κείνην
440 1181 658 1216 κατοικεῖν
690 1181 836 1216 σοῖσιν
869 1173 916 1216 ἐν
949 1175 1101 1229 δόμοις
1133 1173 1281 1229 ἐχρῆν·

255 1244 347 1287 ἐπεὶ
380 1243 427 1287 δὲ
466 1247 625 1300 Τροίας
658 1245 927 1300 ἐξανεστάθη
959 1246 1122 1300 βάθρα,

255 1315 326 1358 καὶ
359 1324 450 1366 τοῖς
480 1320 606 1366 θεοῖς
637 1315 823 1371 παρέσχε
855 1315 1055 1370 τοῦνομ’,
1088 1314 1251 1358 οὐκέτι·

254 1387 301 1429 ἐν
332 1394 446 1430 τοῖσι
479 1386 517 1428 δ’
556 1387 705 1437 αὐτοῖς
737 1389 818 1442 χρή
849 1403 922 1429 νιν
955 1387 1155 1442 ἐζεῦχθαι
1188 1387 1344 1442 γάμοις

255 1458 404 1500 ἐλθεῖν
435 1456 470 1499 τ’
510 1457 554 1508 ἐς
585 1462 734 1508 οἴκους
765 1456 837 1500 καὶ
870 1465 1130 1513 συνοικῆσαι
1162 1460 1299 1500 πόσει.
1543 1469 1632 1498 1655

254 1525 348 1571 ἀλλ’
386 1533 478 1584 ἴσχε
510 1526 589 1583 μὲν
622 1535 700 1583 σῆς
732 1530 956 1583 συγγόνου
988 1528 1125 1583 μέλαν
1157 1529 1296 1583 ξίφος,

254 1602 401 1654 νόμιζε
436 1597 474 1642 δ’
513 1599 651 1654 αὐτὴν
683 1601 928 1654 σωφρόνως
958 1599 1171 1654 πράσσειν
1202 1600 1317 1641 τάδε.

253 1672 386 1712 πάλαι
419 1669 458 1712 δ’
495 1671 693 1725 ἀδελφὴν
725 1669 796 1712 καὶ
828 1669 934 1724 πρὶν
967 1670 1253 1725 ἐξεσώσαμεν,

256 1740 429 1796 ἐπείπερ
461 1741 573 1796 ἡμᾶς
606 1743 716 1791 Ζεὺς
748 1741 953 1795 ἐποίησεν
983 1742 1136 1791 θεούς·

256 1810 351 1854 ἀλλ’
387 1811 540 1866 ἥσσον’
575 1809 685 1867 ἦμεν
717 1819 797 1855 τοῦ
828 1811 1118 1867 πεπρωμένου
1149 1810 1197 1854 θ’
1233 1813 1320 1866 ἅμα
1542 1823 1632 1853 1660

253 1881 325 1924 καὶ
356 1890 446 1925 τῶν
476 1887 611 1936 θεῶν,
647 1878 712 1933 οἷς
742 1879 864 1925 ταῦτ’
902 1883 1052 1935 ἔδοξεν
1084 1880 1162 1925 ὧδ’
1198 1885 1325 1938 ἔχειν.

255 1952 325 1995 σοὶ
357 1951 437 2007 μὲν
469 1952 562 1995 τάδ’
601 1954 738 2008 αὐδῶ,
771 1955 975 2010 συγγόνῳ
1009 1952 1049 1995 δ’
1086 1953 1166 2008 ἐμῇ
1199 1953 1326 2008 λέγω·

253 2027 353 2065 πλεῖ
381 2024 460 2075 ξὺν
491 2026 617 2066 πόσει
649 2030 729 2081 σῷ·
761 2030 932 2079 πνεῦμα
967 2023 1008 2066 δ’
1044 2023 1148 2075 ἕξετ’
1186 2025 1358 2080 οὔριον·

257 2100 424 2149 σωτῆρε
458 2093 496 2137 δ’
533 2095 656 2150 ἡμεῖς
687 2095 749 2136 σὼ
782 2096 1030 2149 κασιγνήτω
1064 2096 1203 2137 διπλῶ

254 2167 418 2206 πόντον
449 2166 773 2220 παριππεύοντε
804 2165 1033 2220 πέμψομεν
1065 2165 1246 2221 πάτραν.
1543 2177 1632 2207 1665

255 2236 361 2278 ὅταν
394 2234 441 2278 δὲ
472 2237 644 2292 κάμψῃς
675 2234 747 2278 καὶ
778 2239 1038 2292 τελευτήσῃς
1069 2238 1183 2291 βίον,

204 2361 295 2393 1640
313 2360 400 2392 ante
420 2359 464 2393 οὐ
483 2357 622 2393 lineola
641 2369 748 2393 erasa
767 2358 805 2392 in
819 2359 864 2402 L,
887 2360 973 2393 ante
995 2362 1086 2393 1640
1100 2360 1138 2392 et
1158 2361 1247 2392 1641
1269 2357 1369 2393 linea
1388 2358 1505 2393 minio
1526 2369 1631 2403 prae-

110 2412 183 2446 fixa
207 2411 246 2445 in
269 2411 302 2446 G
324 2412 328 2457 1
352 2410 426 2455 ἔμ’·
454 2411 516 2458 ὡς]
536 2411 687 2455 Porson,
713 2410 774 2456 ἐμὲ
795 2412 872 2446 LG
960 2415 1047 2446 1641
1077 2409 1262 2456 γενναίοις
1282 2411 1371 2454 LG,
1398 2410 1601 2456 γενναίοισι
1622 2413 1634 2445 I

205 2468 293 2498 1643
308 2462 417 2509 γαίας
435 2463 538 2509 τῆσδ’
557 2464 701 2509 Nauck,
721 2466 829 2510 τῆσδε
849 2470 915 2510 γῆς
928 2464 1070 2499 Mekler
1151 2468 1240 2499 1647
1257 2464 1421 2510 ἔκγονος]
1436 2464 1631 2507 Matthiae,

107 2515 239 2562 ἐκγόνη
255 2517 288 2551 L
300 2517 344 2561 G,
365 2517 515 2562 εὐγενὴς
528 2517 660 2552 Nauck
735 2522 824 2552 1649
839 2518 922 2553 fort.
938 2516 1092 2558 ἐνδίκως
1168 2522 1257 2552 1650
1273 2518 1339 2563 εἰς]
1354 2518 1396 2551 H.
1411 2517 1631 2562 stephanus,

107 2570 139 2604 εἰ
159 2570 237 2605 LG
259 2571 263 2615 Ι
286 2570 416 2616 αὐτὸν]
437 2570 476 2605 F.
497 2569 564 2605 Gu.
588 2570 766 2615 Schmidt,
793 2571 849 2606 ἀεὶ
872 2572 949 2606 LG
1036 2574 1128 2605 1654
1153 2577 1247 2605 τοῖσι
1273 2569 1329 2617 δ’]
1357 2570 1487 2614 Bothe,
1516 2577 1632 2606 τοῖσιν

107 2621 184 2656 LG
206 2623 211 2667 Ι
233 2621 317 2669 χρή]
345 2622 484 2668 scripsi,
512 2624 570 2657 δεῖ
588 2623 665 2658 LG·
760 2627 850 2658 1655
875 2623 927 2670 τ’]
954 2624 1153 2666 Hermann,
1181 2622 1216 2658 δ’
1246 2623 1324 2658 LG
1347 2625 1351 2668 Ι
1374 2629 1576 2668 συνηκῆσαι
1599 2624 1632 2659 G

204 2678 293 2709 1656
321 2674 399 2720 ἔσχε
426 2676 515 2719 LG,
543 2675 618 2720 ι”σχε
646 2676 658 2709 l
762 2680 850 2710 1657
878 2676 1052 2720 πράττειν
1078 2676 1156 2711 LG
1258 2679 1347 2710 1658
1373 2675 1504 2722 πάλαι]
1531 2676 1633 2721 ἡμεῖς

107 2727 279 2772 Hartung
301 2729 305 2772 Ι
328 2727 494 2772 ἀδελφὴν
521 2727 609 2772 πρίν
635 2727 668 2774 γ’
695 2729 785 2773 LG,
812 2728 979 2775 ἀδελφὴν
1005 2730 1068 2764 καὶ
1093 2730 1181 2772 πρὶν
1208 2730 1220 2763 Ι
1242 2734 1246 2771 Ι
1268 2727 1339 2764 κᾶν
1364 2730 1454 2772 πρὶν
1479 2729 1602 2764 Heath
1625 2731 1628 2776 Ι

107 2781 170 2815 καὶ
189 2781 278 2824 πρὶν
299 2780 514 2827 ἐξεσῴζομεν
534 2781 678 2816 Dobree
753 2785 843 2816 1659
865 2782 965 2817 delet
983 2782 1115 2817 Nauck
1191 2786 1281 2816 1660
1302 2780 1448 2828 ἥσσον’]
1469 2782 1630 2826 Pierson,

108 2832 258 2877 ἥσσονες
277 2832 355 2867 LG
439 2836 529 2867 1663
556 2834 651 2880 πλεῖ]
673 2833 799 2878 Cobet,
825 2837 930 2870 πλεῖν
949 2836 1027 2870 LG
1050 2837 1054 2880 Ι
1078 2836 1144 2870 σὺν
1167 2835 1198 2870 G
1281 2839 1371 2870 1664
1398 2833 1433 2869 δ’
1458 2835 1503 2880 L,
1529 2834 1571 2870 θ’
1599 2837 1631 2871 (1¹

204 2888 294 2919 1666
321 2885 481 2930 κάμψεις
507 2914 513 2920 .
543 2915 549 2920 .
576 2886 798 2930 τελευτήσεις
825 2887 870 2932 G,
896 2887 1047 2933 κάμψης
1074 2916 1080 2922 .
1110 2916 1116 2922 .
1143 2887 1356 2933 τελευτήσης
1379 2901 1402 2934 9

178 2950 406 2985 Euripides,
425 2951 551 2977 Helena.
1373 2951 1392 2981 5
