1929 3208
251 164 302 203 10
897 163 1163 196 107‘1‘1111120‘1‘

306 272 394 311 (21.
461 271 616 323 γεῦσαί
647 285 746 321 νυν,
778 269 836 320 ὡς
869 269 923 311 ὀὲν
955 271 1011 324 μὴ
1047 272 1160 328 λόγῳ
1190 269 1365 330 ’παινῇς
1397 275 1546 326 μόνον.
1741 285 1806 318 156

317 344 393 382 ΣΙ.
457 342 606 393 βαβαί·
641 347 849 394 χορεῦσαι
882 345 1125 395 παρακαλεῖ
1155 340 1198 395 μ’
1228 343 1250 384 ὁ
1286 344 1483 399 Βάκχιος.

457 430 481 452 (ἴ
515 429 539 452 (ι’
573 428 611 452 (Υ.

304 487 394 524 0.,1.
457 490 552 535 μῶν
586 483 663 523 τὸν
697 482 895 536 λάρυγγα
927 483 1157 535 διεκάναξέ
1187 496 1268 527 σου
1300 489 1460 538 καλῶς;

315 558 358 596 Σ
384 587 391 595 .
455 551 555 595 ὥστ’
587 554 649 602 εἰς
681 553 843 607 ἄκρους
875 569 923 607 γε
955 556 1058 605 τοὺς
1090 556 1252 611 ὄνυχας
1285 557 1478 612 ἀφίκετο.

303 629 393 667 ΟΛ.
456 626 566 678 πρὸς
598 624 709 680 τῷδε
741 624 891 677 μέντοι
924 626 996 667 καὶ
1029 628 1220 681 νόμισμα
1252 629 1464 682 δώσομεν.
1741 641 1808 672 160

315 701 358 738 Σ
386 731 391 737 .
455 696 564 751 χάλα
597 697 675 737 τὸν
707 695 845 737 ἀσκὸν
876 698 1034 749 μόνον·
1067 696 1116 740 ἔα
1147 700 1196 741 τὸ
1228 701 1426 754 χρυσίον.

304 771 395 810 011.
458 766 667 822 ἐκφέρετέ
696 783 781 809 νυν
814 767 1047 822 τυρεύματ’
1078 770 1103 824 ἢ
1136 773 1287 826 μήλων
1318 773 1460 814 τόκον.

315 842 391 882 ΣΙ.
456 839 602 893 δράσω
635 838 748 892 τάδ’,
781 837 935 893 ὀλίγον
967 843 1210 896 φροντίσας
1241 858 1290 897 γε
1323 844 1560 886 δεσποτῶν.

455 912 513 962 ὡς
545 908 712 951 ἐκπιεῖν
744 907 784 963 γ’
817 908 872 951 ἂν
904 913 1060 955 κύλικα
1091 915 1331 968 μαινοίμην
1362 916 1468 968 μίαν

455 985 634 1028 πάντων
666 987 927 1028 Κυκλώπων
959 983 1167 1035 ἀντιδοὺς
1198 987 1452 1040 βοσκήματα
1739 997 1805 1029 165

456 1057 582 1111 ῥῖψαι
614 1056 650 1098 τ’
681 1056 724 1107 ἐς
757 1058 900 1112 ἅλμην
932 1057 1160 1106 Λευκάδος
1191 1056 1352 1111 πέτρας
1384 1058 1490 1112 ἄπο,

455 1128 566 1179 ἅπαξ
599 1129 847 1182 μεθυσθεὶς
877 1128 1137 1182 καταβαλών
1168 1143 1214 1169 τε
1245 1129 1321 1178 τὰς
1354 1128 1507 1183 ὀφρῦς,

454 1200 512 1250 ὡς
544 1200 591 1250 ὅς
622 1215 670 1254 γε
702 1202 846 1242 πίνων
876 1201 933 1254 μὴ
966 1199 1130 1254 γέγηθε
1162 1200 1377 1252 μαίνεται·

455 1269 511 1313 ἵν’
544 1269 636 1313 ἔστι
668 1272 794 1313 τουτί
822 1268 859 1312 τ’
892 1270 1035 1326 ὀρθὸν
1067 1269 1345 1320 ἐξανιστάναι

453 1348 621 1396 μαστοῦ
653 1357 699 1384 τε
731 1342 926 1397 δραγμὸς
957 1342 1029 1384 καὶ
1061 1340 1477 1397 παρεσκευασμένου
1742 1353 1810 1386 170

454 1419 622 1465 ψαῦσαι
652 1420 803 1469 χεροῖν
836 1417 1050 1467 λειμῶνος
1082 1412 1298 1468 ὀρχηστύς
1329 1412 1378 1455 θ’
1409 1413 1496 1466 ἅμα

454 1492 600 1527 κακῶν
631 1500 677 1527 τε
709 1489 869 1540 λῆστις.
931 1481 1008 1527 εἴτ’
1039 1483 1123 1539 ἐγὼ
1150 1484 1231 1526 οὐκ
1263 1483 1488 1539 ὠνήσομαι

454 1557 628 1598 τοιόνδε
661 1564 810 1611 πῶμα,
841 1557 922 1611 τὴν
954 1556 1201 1605 Κύκλωπος
1232 1555 1430 1609 ἀμαθίαν

453 1629 622 1670 κλαίειν
653 1628 846 1670 κελεύων
877 1627 950 1669 καὶ
981 1628 1060 1669 τὸν
1092 1627 1331 1682 ὀφθαλμὸν
1362 1625 1517 1681 μέσον;

299 1748 390 1788 ΧΟ.
453 1747 597 1801 ἄκου’,
624 1744 854 1788 Ὀδυσσεῦ·
889 1745 1221 1802 διαλαλήσωμέν
1252 1746 1297 1788 τί
1327 1756 1409 1788 σοι.
1742 1757 1808 1788 175

300 1821 391 1860 ΟΔ.
453 1818 525 1860 καὶ
556 1818 644 1872 μὴν
676 1819 800 1873 φίλοι
830 1833 880 1872 γε
911 1817 1222 1873 προσφέρεσθε
1254 1817 1365 1873 πρὸς
1397 1818 1543 1872 φίλον.

300 1892 391 1931 ΧΟ.
454 1888 630 1943 ἐλάβετε
669 1890 832 1944 Τροίαν
864 1889 945 1943 τὴν
971 1887 1156 1943 Ἑλένην
1187 1903 1232 1930 τε
1264 1889 1453 1943 χειρίαν;

306 1963 395 2002 ΟΔ.
459 1961 530 2002 καὶ
563 1960 706 2002 πάντα
736 1959 776 2014 γ’
808 1956 933 2002 οἶκον
966 1960 1231 2015 Πριαμιδῶν
1263 1958 1518 2015 ἐπέρσαμεν.

298 2034 390 2074 ΧΟ.
454 2032 633 2086 οὔκουν,
665 2030 814 2087 ἐπειδὴ
846 2033 928 2087 τὴν
959 2037 1112 2074 νεᾶνιν
1145 2031 1299 2086 εἵλετε,

454 2103 642 2153 ἅπαντες
673 2102 812 2158 αὐτὴν
844 2102 1143 2159 διεκροτήσατ’
1174 2101 1222 2144 ἐν
1247 2101 1388 2157 μέρει,
1741 2111 1808 2145 180

454 2173 550 2216 ἐπεί
578 2190 628 2229 γε
660 2178 841 2225 πολλοῖς
870 2174 1022 2229 ἥδεται
1053 2172 1326 2228 γαμουμένη;

452 2247 533 2300 τὴν
565 2246 793 2301 προδότιν,
823 2246 850 2300 ἣ
882 2246 986 2295 τοὺς
1016 2245 1245 2294 θυλάκους
1276 2246 1380 2294 τοὺς
1411 2245 1639 2294 ποικίλους

300 2389 368 2421 158
393 2384 473 2432 τὸν]
495 2386 579 2421 forb.
601 2386 644 2421 οὐ
720 2389 785 2420 162
807 2391 876 2420 νῦν
897 2386 976 2420 LP
995 2385 998 2432 Ι
1015 2385 1178 2430 τύρευμα
1197 2385 1262 2419 καὶ
1276 2384 1527 2419 Wilamowitz
1603 2388 1670 2419 164
1689 2384 1795 2420 κύλικ

240 2438 286 2474 ἂν
313 2438 488 2484 αἱροίμην
514 2439 705 2483 Wieseler‚
732 2438 816 2474 forti.
842 2437 963 2473 κύλικ’
993 2436 1213 2484 ἀμειβοίμην
1312 2441 1378 2473 166
1404 2437 1611 2484 Λευκάδος]
1637 2437 1809 2478 λισσάδος

239 2493 413 2538 Hartung
441 2496 445 2538 Ι
473 2491 610 2537 πέτρας
646 2493 688 2538 μ’
725 2493 826 2527 idem
960 2495 1027 2527 169
1065 2491 1118 2527 ἵν’
1165 2493 1360 2537 (superscr.
1393 2504 1440 2526 m.
1474 2495 1494 2526 3
1534 2491 1647 2537 ἤγουν
1688 2490 1729 2526 ἐν
1761 2493 1812 2538 τῷ

239 2546 375 2590 πίνειν)
402 2547 436 2582 L
459 2548 464 2591 Ι
485 2547 522 2581 τ’
549 2544 684 2593 ὀρθὸν]
712 2546 865 2589 Seidler,
900 2543 1066 2589 τούρθὸν
1086 2546 1166 2580 LP
1184 2547 1190 2589 l
1211 2545 1251 2580 in
1276 2556 1393 2591 marg.
1420 2543 1575 2590 αἰσχρόν
1601 2555 1668 2580 scr.
1690 2556 1719 2589 p

241 2603 308 2635 170
333 2598 682 2645 παρεσκευασμένου
715 2602 773 2644 (ου
799 2610 843 2634 ex
869 2611 905 2633 οι
922 2599 982 2634 vel
1008 2612 1051 2633 ον
1076 2598 1167 2633 fecit
1186 2600 1229 2644 p)
1255 2599 1300 2642 P,
1331 2596 1681 2643 παρεσκυθισμένου
1706 2596 1808 2632 Wie-

241 2653 349 2696 seler,
382 2653 467 2688 fort.
503 2650 885 2697 παραπεπετασμένου
984 2656 1050 2687 171
1079 2651 1272 2698 ὀρχηστύς]
1310 2651 1462 2695 Canter,
1496 2651 1697 2696 ὀρχηστύος
1728 2651 1810 2686 LP

312 2710 379 2740 172
407 2707 474 2741 οὐκ
501 2706 705 2753 ὠνήσομαι]
733 2705 936 2750 Tymbsth,
963 2705 1171 2750 κυνήσομαι
1196 2706 1277 2740 LP
1372 2709 1438 2740 175
1465 2705 1561 2751 ΧΟ.]
1589 2704 1713 2739 Sileno
1738 2703 1806 2738 tri-

239 2759 360 2793 buunt
385 2760 477 2803 LP,
511 2771 601 2794 corr.
630 2759 816 2803 Tyrwhitt
846 2761 851 2804 1
880 2759 1149 2804 ὃιαλαλήσομεν
1176 2760 1213 2794 P
1307 2762 1374 2793 176
1401 2757 1518 2805 φίλοι]
1544 2758 1628 2793 forb.
1655 2755 1770 2802 φίλως
1798 2756 1802 2803 Ι

241 2811 350 2856 φίλον
376 2823 421 2847 ex
447 2810 565 2856 φίλων
597 2813 688 2847 fecit
708 2825 736 2857 Ρ
834 2816 902 2847 177
929 2814 967 2847 et
995 2816 1061 2847 179
1089 2812 1205 2847 Sileni
1230 2813 1321 2847 nota
1345 2811 1510 2856 praefixa
1535 2811 1575 2846 in
1600 2812 1687 2854 LP,
1714 2821 1804 2845 corr.

241 2865 426 2909 Tyrwhitt
523 2869 589 2900 177
618 2865 762 2912 ἐλάβετε
789 2866 875 2910 LP,
902 2866 966 2901 sed
991 2879 1016 2900 α
1042 2876 1087 2900 ex
1113 2865 1189 2900 alia
1214 2865 1323 2900 litera
1348 2865 1439 2900 fecit
1464 2866 1477 2899 l
1575 2867 1641 2899 179
1668 2864 1805 2899 οὐκοῦν

241 2919 319 2953 LP
415 2922 479 2953 181
508 2918 611 2965 ἤδετε
639 2920 728 2963 LP,
754 2917 884 2964 ἥδεται
903 2930 932 2964 p
1032 2923 1098 2954 182
1125 2917 1189 2954 τὸν
1215 2917 1407 2958 θυλάκους
1431 2918 1593 2963 Blaydes
