1929 3208
799 175 962 208 EKABH
1583 168 1639 208 49

298 286 462 341 ᾔνουν,
493 281 566 325 ὑπ’
596 283 732 337 αὐγὰς
762 281 922 324 τούσδε
955 281 1222 322 λεύσσουσαι
1253 277 1463 326 πέπλους·

277 351 425 398 ῥἄλλαι
459 352 506 396 δὲ
539 355 702 408 κάμακε
736 354 912 408 Θρῃκίω
945 352 1166 406 θεώμεναι
1553 359 1642 388 1155

297 427 468 481 γυμνόν
501 423 545 480 μ’
578 427 746 478 ἔθηκαν
778 423 990 477 διπτύχου
1023 423 1321 476 στολίσματος.

300 497 400 538 ὅσαι
433 494 480 538 δὲ
512 496 693 545 τοκάδες
723 492 856 548 ἦσαν,
890 493 1252 548 ἐκπαγλούμεναι,

296 566 414 610 τέκν’
448 568 495 610 ἐν
528 574 678 622 χεροῖν
711 568 921 619 ἔπαλλον,
953 565 1010 614 ὡς
1041 566 1191 617 πρόσω
1223 564 1384 617 πατρὸς

299 639 523 693 γένοιντο,
556 638 782 692 διαδοχαῖς
813 636 1072 691 ἀμείβουσαι
1103 642 1261 691 χερῶν·

300 705 393 767 κᾷτ’
425 709 472 752 ἐκ
502 712 728 763 γαληνῶν,
761 715 852 756 πῶς
885 708 1048 756 δοκεῖς;
1081 706 1466 760 προσφθεγμάτων
1557 717 1646 745 11130

302 782 440 831 εὐθὺς
473 782 688 833 λαβοῦσαι
721 774 915 832 φάσγαν’
946 777 992 819 ἐκ
1023 776 1201 819 πέπλων
1231 774 1375 818 ποθὲν

299 857 502 894 κεντοῦσι
533 851 711 899 παῖδας,
747 851 796 890 αἳ
825 847 872 890 δὲ
904 849 1171 891 πολυπόδων
1206 849 1333 901 δίκην

301 922 633 975 ξυναρπάσασαι
664 921 741 969 τὰς
773 919 877 974 ἐμὰς
910 917 1030 975 εἶχον
1062 918 1190 975 χέρας

300 993 372 1036 καὶ
403 996 538 1035 κῶλα·
572 990 696 1034 παισὶ
730 990 769 1032 δ’
800 990 982 1045 ἀρκέσαι
1014 989 1185 1046 χρῄζων
1217 990 1355 1044 ἐμοῖς,

300 1067 340 1107 εἰ
370 1063 450 1119 μὲν
480 1065 720 1117 πρόσωπον
753 1062 1031 1116 ἐξανισταίην
1063 1062 1194 1116 ἐμόν,
1559 1073 1648 1103 1165

301 1139 436 1191 κόμης
467 1142 690 1189 κατεῖχον,
724 1135 765 1175 εἰ
795 1131 843 1175 δὲ
875 1135 1049 1187 κινοίην
1082 1132 1232 1188 χέρας,

301 1208 465 1260 πλήθει
498 1211 722 1259 γυναικῶν
755 1201 890 1247 οὐδὲν
921 1205 1061 1258 ἤνυον
1093 1204 1235 1254 τάλας.

301 1279 350 1320 τὸ
383 1279 590 1318 λοίσθιον
622 1275 693 1329 δέ,
725 1282 845 1330 πῆμα
877 1278 1074 1331 πήματος
1104 1274 1261 1329 πλέον,

304 1349 611 1402 ἐξειργάσαντο
644 1348 740 1389 δείν
767 1361 774 1368 ·
809 1346 925 1402 ἐμῶν
957 1348 1040 1401 γὰρ
1074 1347 1300 1401 ὀμμάτων,

303 1413 474 1472 πόρπας
506 1421 743 1473 λαβοῦσαι,
773 1419 849 1468 τὰς
880 1419 1184 1472 ταλαιπώρους
1216 1421 1350 1472 κόρας
1563 1433 1652 1462 1170

304 1497 535 1533 κεντοῦσιν
569 1490 881 1545 αἰμάσσουσιν·
914 1486 990 1531 εἶτ’
1023 1490 1107 1531 ἀνὰ
1139 1489 1294 1544 στέγας

305 1562 503 1616 φυγάδες
535 1563 719 1616 ἔβησαν·
753 1560 800 1602 ἐκ
833 1558 880 1602 δὲ
911 1562 1111 1615 πηδήσας
1143 1561 1227 1615 ἐγὼ

305 1635 395 1688 θὴρ
429 1632 487 1683 ὣς
519 1633 662 1674 διώκω
694 1633 772 1682 τὰς
803 1634 1069 1687 μιαιφόνους
1099 1633 1255 1685 κύνας,

308 1699 483 1760 [ἅπαντ’
514 1703 708 1758 ἐρευνῶν
739 1710 890 1758 τοῖχον
921 1704 978 1752 ὡς
1010 1703 1270 1758 κυνηγέτης]

307 1776 482 1829 βάλλων
514 1774 732 1828 ἀράσσων.
793 1775 942 1816 τοιάδε
975 1775 1180 1817 σπεύδων
1211 1775 1340 1829 χάριν
1565 1789 1654 1818 1175

307 1845 512 1888 πέπονθα
543 1846 625 1899 τὴν
658 1846 760 1899 σήν,
792 1844 1006 1900 πολέμιον
1037 1847 1116 1888 τὸν
1148 1847 1229 1888 σὸν
1260 1848 1452 1899 κτανών,

305 1915 589 1972 Ἀγάμεμνον.
653 1917 711 1965 ὡς
743 1914 792 1958 δὲ
823 1917 880 1970 μὴ
913 1919 1109 1971 μακροὺς
1138 1920 1267 1960 τείνω
1301 1921 1480 1972 λόγους,

314 1993 447 2038 εἴτις
478 1994 689 2042 γυναῖκας
721 1994 809 2029 τῶν
840 1987 944 2042 πρὶν
976 1992 1150 2042 εἴρηκεν
1182 1997 1323 2040 κακῶς

311 2057 337 2112 ἢ
370 2063 456 2099 νῦν
488 2058 629 2112 λέγων
662 2060 781 2100 ἔστιν
812 2074 878 2108 τις
908 2057 935 2113 ἦ
967 2057 1114 2112 μέλλει
1145 2059 1309 2113 λέγειν,

255 2233 346 2264 1154
370 2225 486 2275 ᾕνουν
512 2227 717 2274 Hermann]
744 2225 861 2274 ᾗνουν
886 2226 929 2263 θ’
954 2227 1042 2262 libri
1064 2230 1068 2272 Ι
1091 2228 1216 2264 τούσδ’
1241 2231 1449 2266 ελεύσουσαι
1478 2235 1514 2267 Α
1536 2231 1545 2242 '
1575 2236 1659 2278 post

137 2284 159 2318 δ
185 2282 256 2317 del.
284 2282 338 2317 Α2
360 2282 364 2328 Ι
387 2282 579 2316 λεύσουσαι
608 2282 669 2317 Gb
694 2281 861 2316 λεύσουσι
888 2282 924 2316 Β
1008 2287 1098 2317 1155
1125 2283 1267 2328 κάμακε
1297 2283 1445 2330 Θρῃκίω
1471 2285 1660 2332 Hamung]

141 2335 290 2380 κάμακα
316 2333 482 2381 θρῃκίαν
507 2334 594 2369 libri
693 2339 783 2369 1156
811 2334 931 2379 ἔθηκα
957 2336 994 2369 Β
1020 2350 1067 2371 αν
1094 2348 1172 2381 sup.
1200 2351 1223 2371 α
1250 2349 1316 2373 ser.
1343 2339 1398 2373 ΒΞ
1420 2340 1424 2383 Ι
1448 2339 1578 2375 schol:
1606 2354 1660 2385 γρ,

144 2390 207 2424 καὶ
229 2387 525 2434 στοχίσματος
545 2387 808 2433 (στοχάσματος
820 2388 1007 2434 Hanung)
1071 2394 1160 2424 1158
1181 2390 1221 2425 ἐν
1240 2397 1364 2436 χεροῖν
1385 2392 1556 2439 ἔπαλλον]
1578 2394 1659 2428 fort.

139 2441 318 2487 ἀγκάλαις
337 2440 490 2487 ἤμειβον
560 2445 649 2475 1159
673 2439 817 2486 γένοιτο
838 2442 874 2475 Β
895 2456 915 2476 ν
935 2453 1013 2487 sup.
1035 2455 1070 2477 οι
1092 2455 1158 2478 scr.
1173 2444 1228 2478 ΒΞ
1250 2446 1254 2489 Ι
1277 2446 1472 2490 διαδοχαῖς
1492 2448 1661 2492 AaEL]

138 2496 396 2540 διαδοχαΐσσιν
422 2494 537 2539 (prius
570 2505 590 2528 σ
623 2493 692 2528 del.
721 2494 788 2539 ΒΞ)
815 2495 851 2529 Β
886 2496 1124 2542 διαδοχαῖσιν
1158 2498 1212 2532 Gz
1245 2500 1249 2543 Ι
1285 2504 1401 2543 χερῶν
1431 2500 1479 2544 G]
1513 2514 1565 2543 γρ.
1599 2501 1662 2534 καὶ

139 2546 358 2593 ἀμείβουσαι
375 2553 499 2592 χεροῖν
513 2547 554 2582 α,2
568 2547 709 2582 scholia
725 2547 888 2582 Scribens
903 2548 941 2582 in
954 2560 1069 2594 marg.
1086 2550 1149 2585 διὰ
1164 2549 1270 2595 χερός
1284 2563 1301 2586 r
1323 2554 1327 2596 Ι
1351 2551 1433 2586 fort.
1449 2554 1663 2597 ὁιαδοχαῖσι

139 2600 338 2635 πάλλουσαι
367 2606 485 2646 χερῶν
559 2604 650 2634 1162
676 2600 899 2636 πολυπόδων
913 2601 1074 2649 Verrall]
1100 2602 1284 2647 πολεμίων
1309 2603 1396 2638 libri
1473 2609 1561 2639 1163
1582 2604 1662 2652 τὰς]

139 2653 206 2694 τάς
230 2651 265 2698 γ’
297 2651 336 2687 Ε
450 2657 540 2688 1165
569 2653 815 2699 ἐξανασταίην
840 2655 874 2689 L
992 2660 1082 2690 1166
1108 2655 1226 2701 κόμην
1254 2658 1293 2691 Ε
1409 2662 1498 2691 1167
1527 2658 1664 2703 ἤνυτον

141 2706 280 2741 Porson
391 2709 480 2741 1169
507 2706 614 2742 δεινά
641 2708 705 2742 aL
813 2712 902 2742 1171
932 2708 1061 2754 στέγας
1089 2710 1122 2745 G
1148 2708 1272 2755 στέγος
1295 2723 1318 2755 9
1426 2715 1515 2745 1172
1542 2711 1598 2757 ἐκ]
1624 2711 1664 2747 ἐν

142 2758 367 2794 Herwerden
478 2763 567 2794 1174
593 2759 703 2794 eiecit
727 2760 770 2796 R.
790 2761 900 2795 Prinz
1012 2766 1102 2796 1175
1128 2762 1322 2805 ἀρρασσων
1349 2764 1384 2798 Β
1484 2767 1574 2798 1176
1600 2764 1664 2799 τὸν

143 2813 194 2859 L]
221 2825 258 2846 τε
284 2824 305 2847 r
425 2816 515 2847 1178
543 2811 641 2852 ὅστις
667 2813 847 2848 Stobaeus
875 2814 950 2849 flor.
975 2819 1029 2859 73,
1051 2820 1070 2850 9
1106 2819 1109 2858 1
1145 2815 1288 2860 εἴρηκε*
1318 2828 1340 2850 α
1367 2815 1487 2860 εἴρηκε
1514 2817 1594 2852 BG

145 2868 236 2899 1179
265 2864 360 2900 ἔστι*
394 2879 448 2905 τις
474 2878 497 2900 α
529 2864 603 2900 ἐστι’
629 2866 716 2909 (ἔστι
745 2867 793 2911 G>
816 2880 872 2906 τις
898 2868 1019 2903 BLG
1043 2867 1096 2909 τίς
1122 2868 1219 2902 ἐστιν
1245 2869 1285 2902 Ε
1307 2868 1401 2913 λέγει
1427 2883 1481 2908 τις
1508 2868 1527 2913 ’ὴ
1554 2870 1666 2905 πάλιν

145 2916 264 2962 μέλλει
291 2917 472 2953 Stobaeus
496 2921 500 2963 Ι
524 2930 650 2953 versus
677 2922 870 2964 suspectus

216 2984 440 3016 Euripides,
460 2985 593 3010 Hecuba.
630 2985 683 3010 Ed.
704 2986 743 3010 11.
1361 2985 1382 3014 4
