1929 3208
775 159 989 193 ΚΤΚΛῼΨ
1634 157 1661 200 9

173 271 250 312 ΣΙ.
312 267 459 318 οὐδεὶς
489 268 637 321 μολὼν
663 267 783 323 δεῦρ’
814 267 933 317 ὅστις
964 265 1017 308 οὐ
1049 264 1312 320 κατεσφάγη.

162 412 252 452 OA.
315 409 446 460 αὐτὸς
477 409 527 452 δὲ
558 410 755 461 Κύκλωψ
787 415 874 451 ποῦ
901 408 1034 456 ’στιν;
1065 407 1092 462 ἢ
1125 408 1273 461 δόμων
1305 404 1408 458 ἔσω;

172 483 250 524 ΣΙ.
313 480 511 536 φροῦδος
541 482 651 535 πρὸς
681 481 852 535 Αἴτνην
883 484 1027 534 θῆρας
1060 479 1246 533 ἰχνεύων
1278 479 1419 520 κυσίν.
1595 486 1662 519 130

161 553 252 593 ΟΔ.
315 547 434 594 οἶσθ’
466 548 549 594 οὖν
581 551 604 594 ὃ
637 552 819 607 δρᾶσον,
851 551 909 601 ὡς
941 550 1176 605 ἀπάρωμεν
1207 550 1390 604 χθονός;

172 625 250 664 ΣΙ.
314 622 393 664 οὐκ
426 619 529 677 οἷδ’,
555 622 784 665 Ὀδυσσεῦ·
816 628 905 664 πᾶν
937 620 988 663 δέ
1017 631 1087 662 σοι
1119 620 1321 676 δρῴημεν
1353 620 1418 662 ἄν.

161 696 252 735 OA.
315 694 480 749 ὄὸησον
509 694 615 748 ἡμῖν
647 700 785 748 σῖτον,
817 689 870 735 οὗ
904 693 1178 745 σπανίζομεν.

173 767 251 807 ΣΙ.
313 765 395 807 οὐκ
426 763 560 819 ἔστιν,
592 765 737 819 ὥσπερ
771 760 910 818 εἶπον,
943 764 1050 805 ἄλλο
1081 762 1196 816 πλὴν
1227 760 1366 816 κρέας.

162 837 253 877 OA.
315 833 410 878 ἀλλ’
443 836 526 890 ἡδὺ
560 839 688 889 λιμοῦ
719 836 792 878 καὶ
822 835 922 877 τόδε
949 836 1190 889 σχετήριον.
1597 841 1663 874 135

174 909 251 948 ΣΙ.
313 907 386 948 καὶ
417 908 548 961 τυρὸς
580 907 708 957 ὀπίας
740 904 831 948 ἔστι
861 906 934 948 καὶ
965 906 1075 955 πυὸς
1106 904 1228 959 γάλα.

162 979 254 1019 OA.
315 976 536 1033 ἐκφέρετε·
570 985 665 1032 φῶς
696 978 780 1032 γὰρ
813 975 1114 1030 ἐμπολήμασιν
1144 974 1311 1029 πρέπει.

173 1050 251 1090 ΣΙ.
315 1050 370 1090 σὺ
403 1049 445 1090 δ’
475 1048 750 1102 ἀντιδώσεις,
783 1046 880 1090 εἰπέ
908 1062 1002 1100 μοι,
1033 1047 1201 1101 χρυσὸν
1233 1047 1392 1096 πόσον;

161 1119 367 1162 ΟΛ.οὐ
400 1120 583 1174 χρυσόν,
615 1119 725 1161 ἀλλὰ
756 1125 883 1172 πῶμα
915 1118 1145 1160 Διονύσου
1179 1116 1311 1172 φέρω.

172 1193 251 1233 ΣΙ.
313 1187 346 1233 ὦ
379 1191 553 1246 φίλτατ’
583 1190 734 1244 εἰπών,
766 1186 819 1232 οὗ
852 1190 1117 1242 σπανίζομεν
1148 1188 1293 1230 πάλαι.
1597 1197 1663 1228 140

162 1263 254 1304 ΟΔ.
315 1262 388 1304 καὶ
418 1262 505 1316 μὴν
537 1261 710 1317 Μάρων
741 1276 815 1314 μοι
846 1257 958 1314 πῶμ’
990 1257 1144 1314 ἔδωκε,
1176 1265 1278 1309 παῖς
1308 1262 1432 1301 θεοῦ.

174 1335 253 1375 ΣΙ.
315 1332 368 1375 ὃν
399 1331 618 1387 ἐξέθρεψα
648 1332 792 1375 ταῖσδ’
822 1330 906 1386 ἐγώ
937 1331 1035 1373 ποτ’
1065 1330 1292 1385 ἀγκάλαις;

166 1405 257 1446 OA.
320 1403 343 1446 ὁ
376 1405 569 1459 Βακχίου
602 1410 723 1458 παῖς,
755 1403 814 1453 ὡς
845 1402 1119 1457 σαφέστερον
1150 1401 1307 1460 μάθῃς.

173 1477 252 1517 ΣΙ.
314 1473 364 1516 ἐν
396 1475 579 1529 σέλμασι
610 1475 719 1525 νεώς
751 1473 871 1517 ἐστιν
902 1473 928 1528 ἢ
962 1472 1111 1529 φέρεις
1142 1473 1197 1515 σύ
1230 1488 1322 1524 νιν;

163 1548 254 1588 OA.
317 1546 386 1588 ὅδ’
415 1546 568 1600 ἀσκός,
599 1545 648 1596 ὃς
677 1546 832 1588 κεύθει
863 1558 954 1587 νιν·
987 1546 1181 1601 εἰσορᾷς,
1212 1543 1363 1599 γέρον;
1597 1553 1664 1585 145

173 1619 252 1659 ΣΙ.
314 1613 443 1667 οὗτος
473 1617 554 1671 μὲν
586 1617 682 1660 οὐδ’
718 1616 773 1659 ἂν
805 1617 886 1672 τὴν
916 1616 1092 1670 γνάθον
1122 1614 1303 1670 πλήσειέ
1331 1631 1427 1669 μου.

159 1761 250 1801 OA.
313 1759 387 1801 ναὶ
418 1759 487 1809 δὶς
517 1760 652 1802 τόσον
682 1756 794 1813 πῶμ’
826 1758 935 1801 ὅσον
967 1758 1022 1800 ἂν
1053 1756 1096 1808 ἐξ
1130 1757 1267 1799 ἀσκοῦ
1301 1758 1397 1813 ῥυῇ.

173 1832 249 1871 ΣΙ.
311 1832 450 1886 καλήν
482 1846 531 1885 γε
561 1832 732 1885 κρήνην
764 1825 888 1880 εἶπας
917 1829 1072 1885 ἡδεῖάν
1103 1827 1140 1870 τ’
1173 1827 1280 1882 ἐμοί.

162 1903 253 1942 OA.
315 1901 467 1954 βούλει
498 1912 547 1943 σε
578 1901 722 1956 γεύσω
755 1908 932 1956 πρῶτον
964 1901 1155 1955 ἄκρατον
1186 1899 1322 1954 μέθυ;

173 1973 250 2014 ΣΙ.
314 1972 502 2014 δίκαιον·
535 1969 562 2027 ἦ
595 1973 678 2027 γὰρ
710 1978 850 2027 γεῦμα
880 1973 961 2027 τὴν
992 1971 1113 2026 ὠνὴν
1144 1974 1278 2013 καλεῖ.
1598 1980 1664 2013 150

163 2044 254 2084 OA.
315 2042 388 2084 καὶ
418 2043 505 2097 μὴν
537 2041 706 2098 ἐφέλκω
733 2043 806 2085 καὶ
838 2040 990 2097 ποτῆρ’
1021 2041 1159 2084 ἀσκοῦ
1191 2041 1307 2096 μέτα.

173 2115 252 2155 ΣΙ.
314 2112 418 2168 φέρ’
445 2112 699 2168 ἑγκάναξον,
731 2114 789 2164 ὡς
821 2113 1093 2168 ἀναμνησθῶ
1125 2114 1250 2155 πιών.

162 2186 253 2226 OA.
318 2184 427 2226 ἰδού.
490 2187 568 2227 ΣΙ.
601 2184 806 2239 παπαιάξ,
838 2185 896 2235 ὡς
927 2185 1066 2240 καλὴν
1098 2184 1240 2239 ὀσμὴν
1271 2182 1368 2239 ἔχει.

161 2257 253 2298 OA.
315 2251 429 2306 εἶδες
452 2256 537 2311 γὰρ
563 2255 723 2311 αὐτήν;
756 2258 833 2298 ΣΙ.
861 2255 913 2298 οὐ
939 2257 998 2310 μὰ
1024 2257 1117 2311 Δί’,
1144 2255 1236 2298 ἀλλ’
1268 2255 1573 2311 ὀσφραίνομαι.

161 2371 251 2406 Post
285 2375 352 2407 128
388 2371 562 2406 lacunam
600 2372 735 2407 statuit
771 2372 963 2408 Hermann
1079 2376 1146 2408 130
1180 2372 1321 2416 Αἴτνην
1359 2371 1512 2415 Reiske,
1556 2371 1664 2416 αἴτνη

105 2425 184 2461 LP
207 2425 243 2469 (i.
259 2435 288 2460 e.
303 2424 434 2472 Αἴτνῃ)
539 2428 603 2460 131
633 2426 789 2472 δρᾶσον]
811 2425 957 2469 Canter,
985 2425 1133 2471 δράσεις
1158 2426 1261 2470 LP!
1284 2424 1500 2472 ἀπάρωμεν]
1521 2426 1664 2471 scripsi,

105 2476 320 2523 ἀπαίρωμεν
345 2479 423 2514 LP
519 2481 585 2513 132
613 2489 671 2514 σοι
697 2480 909 2527 συνὸρῷμεν
936 2479 1068 2515 Dawes
1168 2482 1234 2513 136
1261 2477 1372 2518 ὀπίας
1398 2479 1432 2513 L
1458 2480 1495 2513 et
1521 2489 1543 2513 a
1568 2490 1615 2514 m.
1644 2485 1664 2515 2

103 2533 140 2567 P
159 2532 163 2576 Ι
186 2529 293 2577 πυὸς]
320 2530 361 2566 G.
382 2532 426 2567 R.
445 2531 627 2574 Holland,
655 2529 742 2578 βοὸς
766 2533 852 2576 LP,
880 2530 971 2573 Διὸς
990 2533 1124 2568 Athen.
1145 2532 1230 2566 XIV
1248 2544 1284 2577 p.
1306 2531 1413 2567 6580
1511 2535 1578 2567 137
1604 2532 1666 2578 ἐμ-

101 2584 287 2629 πολήμασι
312 2585 391 2620 LP
484 2587 551 2619 139
577 2590 687 2629 πῶμα
712 2586 749 2621 Ρ
771 2587 809 2620 et
832 2585 952 2621 literis
982 2592 1040 2621 πῶ
1066 2586 1104 2620 in
1130 2596 1200 2620 rae.
1229 2585 1276 2620 ab
1303 2586 1315 2620 l
1341 2584 1490 2630 scriptis
1516 2585 1567 2629 L,
1600 2585 1664 2622 cfr.

105 2641 172 2672 123
259 2641 327 2672 144
354 2636 525 2682 σέλμασιν
544 2637 707 2673 Dindorf
724 2639 730 2683 1
753 2637 847 2686 φέρῃ
872 2639 1054 2675 Wieseler
1140 2642 1207 2673 145
1234 2636 1347 2679 ἀσκός
1366 2638 1662 2686 Radermacher}

103 2691 265 2741 εἰσορᾷς]
300 2690 433 2726 Nauck
463 2690 715 2726 Hermannum
751 2693 915 2735 secutus,
947 2692 996 2732 ὡς
1021 2691 1112 2736 ὁρᾶς
1136 2693 1215 2727 LP
1310 2695 1376 2726 146
1402 2704 1473 2736 μου
1498 2692 1533 2727 L
1558 2693 1596 2727 et
1621 2705 1666 2728 ov

104 2744 188 2779 fort.
216 2754 260 2778 ex
286 2743 360 2778 alia
384 2743 439 2778 lit.
467 2745 631 2779 correcto
658 2745 694 2780 P
717 2744 814 2789 (fort.
840 2744 964 2780 fuerat
988 2748 1063 2790 μοι)
1086 2748 1091 2790 Ι
1113 2745 1288 2780 lacunam
1308 2745 1441 2780 statuit
1460 2744 1594 2780 Nauck

105 2801 171 2832 147
198 2796 277 2843 val]
304 2797 368 2831 καὶ
393 2797 619 2832 Boissonade
717 2801 784 2832 148
809 2798 862 2844 τ’]
888 2798 1036 2842 Reiske,
1062 2799 1101 2844 γ’
1127 2799 1200 2833 LP
1294 2801 1362 2833 150
1388 2797 1487 2843 ὠνὴν
1513 2798 1547 2833 L
1573 2800 1611 2834 et
1637 2813 1664 2835 ω

104 2861 150 2886 ex
174 2862 190 2884 ε
211 2861 232 2884 a
249 2861 297 2884 m.
318 2853 338 2884 2
360 2852 523 2886 conecto
544 2851 581 2886 P
657 2855 723 2886 152
751 2850 971 2898 ἐγκάναξον]
998 2852 1150 2887 Pierson
1175 2853 1378 2896 praeeunte
1406 2850 1665 2896 Valckenario‚

104 2902 312 2945 ἐκπάταξον
337 2904 419 2939 LP
514 2907 580 2938 153
607 2903 768 2950 βαβαιάξ
793 2903 952 2948 Blaydes
1051 2909 1119 2940 154
1144 2903 1258 2940 αὐτόν
1284 2904 1399 2949 Paley
