1929 3208
268 185 323 224 L'Qi
897 180 1162 212 1”.ΊἸ“1111Δ()Ί“

449 293 639 338 νεανίαις
672 291 820 330 ἔνευσε
855 286 1083 340 παρθένον
1117 288 1278 340 λαβεῖν.
1720 297 1788 325 ΜΓ»

451 363 471 415 η
506 358 562 403 δ’,
597 361 654 409 ὡς
687 359 911 413 ἐφράσθη,
944 355 1064 399 τόνδ’
1095 357 1309 412 ἐσήμηνεν
1343 358 1492 410 λόγον·

447 431 479 473 ὦ
514 433 593 486 τὴν
627 432 735 485 ε’μὴν
768 429 1005 484 πέρσαντες
1032 427 1219 482 Ἀργεῖοι
1251 430 1401 479 πόλιν,

449 503 606 545 ἑκοῦσα
639 501 844 557 θνῄσκω·
877 503 934 555 μή
969 517 1032 549 τις
1063 500 1225 553 ἅψηται
1258 500 1388 553 χροὸς

448 574 630 629 τούμοῦ·
664 572 834 626 παρέξω
869 573 950 626 γὰρ
985 570 1118 625 δέρην
1151 571 1404 624 εὐκαρδίως.

449 643 690 699 ἐλευθέραν
724 643 775 685 δέ
805 641 865 697 μ’,
899 644 957 692 ὡς
990 640 1204 696 ἐλευθέρα
1235 641 1382 693 θάνω,
1726 652 1793 680 550

450 718 558 772 πρὸς
591 721 710 757 θεῶν
743 713 950 769 μεθέντες
981 710 1189 755 κτείνατ’·
1223 712 1270 754 ἐν
1302 720 1495 765 νεκροῖσι
1528 713 1610 765 γὰρ

451 789 589 841 δούλη
622 791 859 840 κεκλῆσθαι
891 783 1062 839 βασιλὶς
1094 780 1190 826 οὖσ’
1220 784 1494 839 αἰσχύνομαι.

451 858 548 902 λαοὶ
581 857 618 899 δ’
654 857 960 911 ἐπερρόθησαν
994 855 1279 910 Ἀγαμέμνων
1311 853 1347 896 τ’
1378 855 1486 905 ἄναξ

451 929 571 974 εἶπεν
605 934 808 985 μεθεῖναι
840 926 1069 983 παρθένον
1101 927 1307 975 νεανίαις.

453 1005 517 1055 [οἳ
547 1001 607 1052 δ’,
639 1002 696 1050 ὡς
728 998 891 1055 τάχιστ’
923 1001 1118 1053 ’ἤκουσαν
1150 998 1341 1052 ὑστάτην
1375 999 1480 1051 ὅπα,
1729 998 1796 1037 555

451 1079 672 1128 μεθῆκαν,
705 1068 841 1125 οὗπερ
873 1070 943 1112 καὶ
977 1069 1183 1125 μέγιστον
1216 1066 1271 1123 ἧν
1303 1069 1490 1122 κράτος]

452 1143 577 1186 κάπεὶ
610 1139 701 1185 τόδ’
734 1144 963 1196 ει’σήκουσε
997 1142 1223 1182 δεσποτῶν
1256 1142 1377 1194 ἔπος,

455 1218 648 1270 λαβοῦσα
680 1213 871 1263 πέπλους
904 1213 946 1263 ἐξ
979 1214 1113 1267 ἄκρας
1146 1211 1363 1266 ἐπωμίδος

454 1286 605 1339 ἔρρηξε
639 1286 828 1338 λαγόνας
861 1283 903 1332 ἐς
935 1282 1067 1337 μέσας
1098 1280 1199 1338 παρ’
1232 1282 1457 1337 ὀμφαλόν,

456 1356 646 1412 μαστούς
677 1353 714 1396 τ’
747 1354 882 1406 ἔδειξε
916 1353 1074 1408 στέρνα
1107 1350 1154 1394 θ’
1186 1353 1244 1403 ὡς
1275 1353 1521 1408 ἀγάλματος
1732 1365 1799 1395 560

454 1428 684 1479 κάλλιστα,
717 1424 789 1467 καὶ
822 1429 1008 1467 καθεῖσα
1039 1425 1147 1477 πρὸς
1178 1431 1309 1478 γαῖαν
1341 1426 1451 1478 γόνυ

455 1501 569 1550 ἔλεξε
602 1498 779 1539 πάντων
812 1495 1163 1551 τλημονέστατον
1196 1497 1350 1549 λόγον·

458 1571 578 1624 ἰδού,
610 1566 703 1610 τόδ’
736 1570 776 1610 εί
806 1566 886 1623 μὲν
920 1566 1124 1622 στέρνον,
1158 1564 1191 1609 ὦ
1224 1569 1400 1622 νεανία,

455 1643 601 1684 παίειν
633 1645 863 1696 προθυμῇ,
895 1646 1078 1693 παῖσον,
1110 1639 1149 1680 εἰ
1180 1636 1219 1680 δ’
1252 1637 1325 1680 ὑπ’
1356 1638 1519 1693 αὐχένα

457 1712 648 1769 χρῄζεις,
680 1712 861 1765 πάρεστι
894 1711 1047 1764 λαιμὸς
1079 1710 1289 1765 εὐτρεπὴς
1321 1709 1408 1751 ὅδε.
1734 1721 1801 1751 565

457 1785 479 1827 ὃ
515 1782 553 1826 δ’
586 1783 639 1825 οὐ
671 1782 818 1825 θέλων
850 1797 894 1823 τε
927 1780 999 1823 καὶ
1030 1780 1177 1823 θέλων
1210 1785 1339 1838 οἴκτῳ
1372 1783 1504 1836 κόρης

458 1854 605 1910 τέμνει
637 1855 803 1912 σιδήρῳ
835 1854 1081 1907 πνεύματος
1114 1852 1340 1907 διαρροάς·

459 1925 641 1981 κρουνοὶ
675 1922 714 1968 δ’
745 1925 956 1980 ἐχώρουν.
1018 1924 1043 1978 ἢ
1078 1920 1125 1965 δὲ
1158 1922 1229 1964 καὶ
1261 1921 1504 1979 θνῄσκουσ’
1536 1923 1651 1977 ὅμως

459 1999 627 2052 πολλὴν
659 1999 874 2051 πρόνοιαν
906 1992 1020 2051 εἶχεν
1054 1995 1285 2049 εὐσχήμων
1316 2002 1487 2049 πεσεῖν,

460 2067 699 2124 κρύπτουσ’
732 2068 757 2109 ἃ
790 2067 999 2122 κρύπτειν
1033 2064 1189 2121 ὄμματ’
1218 2064 1419 2121 ἀρσένων
1451 2067 1603 2121 χρεών.
1737 2077 1805 2108 570

402 2194 468 2223 54ss
496 2187 556 2233 ἥδ’
583 2187 666 2223 ΒΕ
687 2188 690 2231 Ι
714 2184 819 2221 τόνδ’
843 2184 1022 2228 ἐσήμηνεν
1043 2183 1115 2230 ΕΖ]
1141 2181 1248 2217 τόνδε
1277 2182 1453 2227 σήμηινεν
1474 2184 1508 2217 A
1529 2180 1631 2217 τόνδ’
1651 2181 1805 2226 ἐσήμηνε

283 2247 348 2279 αΒ
360 2245 390 2277 L
418 2241 518 2277 τόνδ’
544 2241 724 2285 ἐσήμανεν
754 2239 787 2274 G
877 2242 942 2272 549
971 2236 1055 2283 γὰρ]
1083 2235 1123 2271 δὲ
1150 2236 1228 2271 AL
1254 2246 1343 2270 corr.
1372 2235 1425 2270 Α2
1511 2239 1578 2269 550
1606 2233 1807 2278 ἐλευθέρως

282 2297 390 2331 θάνω
424 2295 587 2340 Elmsley
710 2297 775 2328 551
804 2290 955 2327 κτείνετ’
981 2292 1016 2326 A
1139 2293 1206 2324 553
1232 2287 1264 2324 τ’
1290 2289 1399 2335 ἄναξ]
1433 2287 1468 2323 δ’
1494 2289 1586 2330 ἄναξ
1613 2289 1735 2324 BLG

285 2355 352 2385 554
379 2347 457 2384 εἶπε
485 2349 607 2385 BLG
729 2350 807 2382 555.
836 2349 903 2381 556
932 2344 1041 2379 eiecit
1066 2343 1196 2378 Iacobs
1317 2346 1385 2377 555
1413 2341 1569 2386 ὑστέραν
1595 2344 1629 2376 Α
1663 2356 1716 2387 γρ.
1744 2342 1807 2376 καὶ

286 2403 441 2447 ὑστέραν
467 2403 507 2437 (ι1
533 2402 571 2436 in
598 2413 712 2447 marg.
814 2403 880 2434 559
908 2397 1063 2444 λαγόνος
1088 2407 1157 2432 rec.
1182 2399 1186 2441 l
1210 2395 1322 2441 μέσας
1346 2395 1510 2442 Brunok]
1537 2394 1646 2439 μέσον
1672 2394 1760 2429 libri

286 2462 354 2492 560
384 2455 603 2502 ἀγαλμάτων
633 2456 665 2490 G
740 2458 804 2488 561
834 2453 897 2487 καὶ
923 2454 1102 2486 κατθεῖσα
1124 2451 1249 2486 BEG
1275 2456 1448 2486 *mans-an
1468 2449 1502 2483 L
1527 2449 1591 2484 καὶ
1617 2451 1776 2483 καθεῖσα
1797 2449 1809 2482 Ζ

334 2514 400 2545 563
429 2510 510 2544 ἰδοῦ
532 2511 566 2543 A
641 2512 708 2542 565
737 2507 911 2551 εὐτρεπὴς
938 2508 969 2550 (τ
994 2517 1063 2540 ras.
1092 2516 1135 2538 ex
1155 2516 1181 2537 π
1208 2505 1313 2549 corr.)
1334 2504 1400 2538 (ιθ
1427 2502 1609 2547 εὐπρεπὴς
1628 2503 1662 2536 L
1739 2505 1807 2536 566

287 2562 354 2599 οὖν
369 2561 429 2608 (αὖ
444 2562 552 2597 malit
566 2562 712 2606 Nauck)
732 2559 853 2595 θέλων
873 2572 909 2594 τε
930 2559 996 2594 κού
1011 2556 1132 2593 θέλων
1146 2557 1289 2602 Kayser
1338 2560 1403 2590 567
1420 2555 1638 2600 πνευμόνων
1649 2554 1805 2589 Valcke-

286 2629 386 2659 naer,
409 2616 471 2651 cfr.
488 2616 556 2660 frg.
574 2618 640 2649 983
655 2614 700 2648 N.
753 2616 820 2647 568
835 2609 1061 2659 θνῄσκουσ’]
1075 2608 1247 2645 πίπτουσ’
1261 2609 1366 2644 codd.
1381 2608 1551 2643 nonnulli
1564 2607 1807 2653 Hermogenis

288 2671 387 2716 apud
406 2669 594 2704 VValzium
613 2668 664 2702 111
688 2680 722 2712 p.
747 2671 811 2701 181
897 2669 964 2699 569
992 2664 1180 2709 εὐσχήμων
1206 2663 1348 2697 Plinius
1375 2663 1480 2707 epist.
1503 2662 1563 2705 IV,
1587 2666 1628 2696 11
1657 2658 1803 2705 (μήποτ’

287 2724 459 2769 ἀσχήμων
480 2734 609 2767 papyr.
630 2720 826 2755 Herculan.
850 2724 914 2753 831
939 2718 1036 2763 apud
1060 2717 1320 2761 Gomperzium
1335 2715 1584 2760 Sibzungsber.
1607 2714 1641 2749 d.
1657 2713 1808 2748 Wiener

288 2777 408 2812 Akacl.
435 2776 496 2821 ph.
517 2775 603 2810 hist.
626 2774 676 2809 Cl.
699 2778 743 2808 80
769 2786 804 2818 p.
829 2774 923 2818 757)]
952 2771 1138 2817 εὐσχήμως
1159 2770 1313 2805 aELG
1334 2781 1416 2803 cum
1435 2768 1598 2802 Luciano
1618 2767 1806 2801 Demosth.

289 2843 364 2865 ene,
393 2834 435 2864 47
465 2831 502 2864 et
528 2828 668 2863 Galeno
689 2827 823 2869 XVIII,
852 2831 889 2869 2,
916 2828 936 2859 8
970 2827 1007 2859 et
1031 2824 1218 2869 plerisque
1244 2823 1348 2858 codd.
1377 2820 1618 2866 Hermogenis
1646 2819 1809 2864 εὐσήμως

290 2887 322 2918 Α
363 2882 595 2928 εὐσχημόνως
633 2884 667 2917 Β
707 2892 789 2915 eum
828 2879 1015 2914 Clemente
1048 2878 1150 2913 Alex,
1191 2879 1313 2911 strom.
1347 2876 1379 2910 II
1412 2889 1447 2920 p.
1476 2879 1541 2923 18?
1575 2874 1627 2918 S.‚
1667 2872 1807 2908 Galeno

291 2936 385 2980 xlv,
412 2940 496 2980 236,
531 2935 656 2970 codiee
690 2946 762 2970 uno
794 2932 1036 2977 Hermogenis
1159 2935 1226 2966 570
1253 2929 1365 2964 schol.
1398 2940 1486 2964 reo:
1526 2927 1653 2962 ἔπεσεν
1686 2927 1738 2968 εἰς
1767 2926 1807 2961 τὸ
