1929 3208
709 84 955 116 ΑΛΚΗΣΊῚΣ
1551 85 1576 125 3
1582 85 1607 124 5

261 192 383 250 δέχῃ,
414 193 609 246 θυραίου
642 193 836 245 πήματος
868 191 1069 244 σπουδὴν
1102 188 1223 244 ἔχων.

261 263 383 318 δεῦρ’
415 261 525 315 ἔλθ’,
557 263 673 311 ὅπως
700 260 754 303 ἂν
785 261 857 303 καὶ
890 262 1141 316 σοφώτερος
1172 259 1287 318 γένῃ.

262 336 312 375 τὰ
343 334 488 387 θνητὰ
521 331 738 386 πράγματ’
774 327 896 381 οἶδας
926 332 982 385 ἣν
1015 330 1101 386 ἔχει
1133 332 1293 385 φύσιν;
1540 338 1607 369 780

261 401 380 458 οἶμαι
412 404 492 457 μὲν
524 404 593 445 οὔ·
627 405 771 445 πόθεν
803 401 904 457 γάρ;
937 403 1027 444 ἀλλ’
1063 400 1197 444 ἄκουέ
1228 418 1324 455 μου.

259 479 436 530 βροτοῖς
467 475 602 516 ἅπασι
633 478 874 516 κατθανεῖν
906 474 1128 527 ὀφείλεται

260 547 368 589 κούκ
400 544 492 588 ἔστι
522 550 704 600 θνητῶν
736 545 855 594 ὅστις
886 544 1155 595 ἐξεπίσταται

261 619 341 672 τὴν
373 618 531 671 αὔριον
563 616 812 670 μέλλουσαν
843 617 882 658 εἰ
913 617 1133 669 βιώσεται·

262 691 309 731 τὸ
343 696 418 743 τῆς
449 689 581 742 τύχης
612 689 695 741 γὰρ
721 685 889 741 ἀφανὲς
922 682 967 728 οἷ
991 686 1259 740 ’ποβήσεται,
1541 694 1606 724 785

262 757 384 801 κᾶστ’
425 759 477 801 οὐ
511 758 720 799 διδακτὸν
752 757 847 799 02'6’
884 757 1106 798 ἁλίσκεται
1138 756 1278 815 τέχνῃ.

262 828 378 872 ταῦτ’
417 826 500 871 οὖν
532 829 723 878 ἀκούσας
754 829 827 870 καὶ
858 828 1017 881 μαθὼν
1048 827 1156 880 ἐμοῦ
1188 828 1303 882 πάρα

261 902 475 955 εὔφραινε
509 901 687 953 σαυτόν,
718 906 841 953 πῖνε,
873 900 951 941 τὸν
982 898 1087 940 καθ’
1122 895 1288 953 ἡμέραν

261 975 362 1026 βίον
395 973 569 1026 λογίζου
604 972 698 1024 σόν,
731 971 782 1012 τὰ
815 970 856 1011 δ’
888 971 998 1012 ἄλλα
1030 976 1104 1024 τῆς
1136 971 1278 1024 τύχης.

262 1045 363 1097 τίμα
397 1043 446 1085 δὲ
478 1043 550 1084 καὶ
583 1043 663 1096 τὴν
695 1045 903 1083 πλεῖστον
933 1042 1120 1095 ἡδίστην
1150 1045 1272 1083 θεῶν
1543 1049 1609 1079 790

262 1114 443 1168 Κύπριν
475 1116 718 1167 βροτοῖσιν·
754 1110 939 1166 εὐμενὴς
970 1113 1054 1166 γὰρ
1085 1110 1110 1166 ἡ
1144 1113 1261 1162 θεός.

262 1187 312 1227 τὰ
345 1185 386 1226 δ’
419 1185 514 1226 ἄλλ’
548 1182 680 1226 ἔασον
712 1188 847 1225 ταῦτα
878 1183 950 1225 καὶ
982 1187 1124 1225 πιθοῦ
1157 1185 1303 1237 λόγοις

263 1256 448 1310 ἐμοῖσιν,
481 1256 602 1309 εἴπερ
635 1254 751 1309 ὀρθά
784 1266 853 1296 σοι
885 1255 1000 1296 δοκῶ
1034 1250 1194 1308 λέγειν·

262 1324 381 1381 οἶμαι
413 1326 504 1380 μέν.
563 1327 729 1369 οὔκουν
760 1327 841 1381 τὴν
873 1327 985 1380 ἄγαν
1018 1326 1161 1380 λύπην
1194 1325 1322 1380 ἀφεὶς

262 1401 339 1457 πίῃ
371 1399 472 1451 μεθ’
506 1399 628 1452 ἡμῶν
661 1397 804 1452 [τάσδ’
835 1397 1099 1451 ὑπερβαλὼν
1130 1397 1285 1451 τύχας,
1543 1404 1608 1435 795

264 1470 499 1524 στεφάνοις
531 1467 818 1522 πυκασθείς];
849 1468 922 1509 καὶ
954 1466 1059 1521 σάφ’
1092 1463 1177 1509 οἷδ’
1210 1467 1433 1510 ὁθούνεκα

262 1545 341 1583 τοῦ
372 1543 458 1581 νῦν
491 1543 762 1592 σκυθρωποῦ
793 1538 865 1580 καὶ
897 1537 1164 1588 ξυνεστῶτος
1196 1545 1375 1592 φρενῶν

263 1616 495 1665 μεθορμιεῑ
526 1622 575 1652 σε
606 1611 786 1659 πίτυλος
818 1609 1018 1662 ἐμπεσὼν
1050 1609 1236 1664 σκύφου.

263 1684 392 1732 ὄντας
426 1682 474 1724 δὲ
504 1683 702 1736 θνητοὺς
731 1682 878 1734 θνητὰ
909 1681 978 1722 καὶ
1014 1687 1201 1735 φρονεῖν
1231 1681 1388 1735 χρεών·

263 1755 320 1804 ὡς
351 1759 442 1802 τοῖς
473 1768 522 1806 γε
555 1758 731 1805 σεμνοῖς
761 1752 834 1794 καὶ
867 1748 1269 1805 σύνωφρυωμὲνοις
1543 1760 1610 1790 800

264 1825 428 1866 ἅπασίν
461 1823 595 1877 ἐστιν,
628 1823 684 1872 ὥς
715 1823 757 1877 γ’
789 1822 885 1876 ἐμοὶ
916 1827 1110 1878 χρῆσθαι
1140 1829 1285 1878 κριτῇ,

262 1896 312 1937 02'
348 1897 444 1949 βίος
476 1894 708 1949 ἀληθῶςζὸ
741 1895 857 1947 βίος,
890 1892 999 1936 ἀλλὰ
1032 1893 1250 1948 συμφορά.

105 1970 193 2009 ΘΕ.
257 1966 557 2018 ἐπιστάμεσθα
588 1970 747 2007 ταῦτα·
779 1969 865 2007 νῦν
897 1965 946 2006 δὲ
977 1965 1230 2018 πράσσομεν

265 2037 343 2092 οὐχ
376 2031 446 2078 οἷα
478 2037 626 2090 κώμου
659 2037 732 2078 καὶ
762 2032 950 2090 γέλωτος
981 2035 1090 2086 ἄξια.

111 2112 198 2151 ΗΡ.
263 2109 375 2162 γυνὴ
408 2112 598 2161 θυραῖος
628 2108 654 2161 ἡ
686 2112 914 2149 θανοῦσα·
940 2108 995 2161 μὴ
1030 2108 1130 2148 λίαν
1544 2114 1610 2145 805

263 2177 437 2221 πένθει·
472 2179 620 2231 δόμων
652 2180 733 2232 γὰρ
767 2181 869 2229 ζῶσι
901 2178 1040 2220 τῶνδε
1073 2178 1293 2220 δεσπόται.

113 2359 181 2389 780
209 2352 343 2394 οἶσθας
369 2366 413 2389 ex
439 2354 544 2388 Phot.
566 2366 599 2398 p.
629 2358 708 2394 323,
738 2358 778 2388 19
806 2354 893 2388 olim
927 2354 1096 2395 Dindorf,
1123 2356 1206 2388 fort.
1234 2353 1349 2390 οἶσθα
1376 2356 1419 2389 σὺ
1445 2353 1512 2388 τίν’
1539 2353 1609 2397 ἔχει

115 2406 180 2437 781
211 2399 329 2448 οἶμαι]
357 2403 455 2437 δοκῶ
482 2400 705 2435 Plutarchus
732 2401 867 2436 consol.
890 2402 936 2435 ad
957 2401 1077 2446 Apoll.
1102 2406 1142 2435 11
1165 2413 1200 2445 p.
1222 2405 1288 2436 107
1389 2405 1455 2436 782
1476 2400 1613 2435 ἅπασιν

56 2451 268 2485 ἀποθανεῖν
318 2449 524 2483 Menander
574 2451 729 2483 monost.
778 2451 821 2483 69
970 2452 1037 2483 783
1082 2449 1180 2484 ἔστιν
1224 2450 1349 2484 αὐτῶν
1391 2449 1612 2483 Plutarchus

116 2501 182 2531 785
209 2495 266 2543 τὸ]
293 2496 338 2530 τὰ
364 2496 526 2541 Elmsley
568 2499 572 2539 Ι
613 2494 664 2542 οἷ]
692 2494 734 2532 οὗ
760 2498 789 2532 S
812 2493 833 2538 ἦ
862 2497 890 2532 C
923 2498 927 2539 1
962 2494 1175 2541 ’ποβήσεται
1194 2495 1370 2542 Lenting]
1392 2495 1613 2541 προβήσεται

56 2543 142 2578 libri
243 2547 307 2578 787
349 2545 447 2578 τοῦτ’
487 2542 600 2578 Orion
639 2543 741 2578 anth.
775 2543 861 2577 VIII
887 2548 907 2577 4
946 2555 982 2588 p.
1003 2547 1047 2578 53
1171 2547 1237 2578 788
1270 2549 1351 2579 πῖνε
1387 2543 1461 2588 Lp]
1489 2542 1569 2577 πίνε
1595 2555 1614 2576 r

117 2594 182 2625 792
212 2593 330 2626 πιθοῦ
366 2591 495 2637 Monk]
531 2589 652 2626 πίθου
679 2592 714 2626 Ρ
745 2590 883 2626 πείθου
910 2603 928 2626 ν
1050 2594 1118 2624 794
1151 2591 1264 2626 verba
1292 2589 1394 2635 οἶμαι
1420 2589 1485 2635 μέν
1511 2600 1612 2624 servo

54 2638 189 2673 tribuit
228 2652 248 2671 u
391 2641 458 2672 795
503 2650 556 2681 sq.
595 2638 707 2672 verba
744 2637 850 2673 τάσδ’
876 2636 1172 2678 ...πυκασθείς
1209 2649 1227 2673 e
1260 2651 1289 2672 v.
1325 2642 1402 2673 829.
1443 2641 1509 2672 832
1542 2638 1613 2671 huc

56 2688 218 2720 retract-a
251 2696 330 2720 esse
362 2688 446 2729 post
472 2685 759 2720 Herwerdenum
786 2686 931 2720 monuit
958 2685 1100 2732 Mekler
1145 2688 1150 2726 1
1196 2687 1324 2730 τύχας]
1352 2699 1402 2730 γρ.
1430 2686 1548 2725 πύλας
1574 2684 1614 2717 τιι

54 2734 93 2768 in
119 2743 235 2777 marg.
264 2732 394 2767 schol:
434 2732 616 2776 γράφεται
660 2733 820 2774 πύλας,
869 2732 913 2768 ἵν’
959 2734 980 2778 ῂ
1026 2733 1186 2778 ὑπερβὰς
1229 2733 1294 2773 τὰς
1331 2733 1464 2772 πύλας·
1503 2733 1536 2767 εἰ
1574 2733 1613 2766 δὲ

56 2781 211 2826 τύχας,
256 2779 545 2824 καταφρονήσας
682 2783 749 2814 796
789 2779 850 2816 ὅθ’
889 2779 1025 2816 οὕνεκα
1061 2779 1147 2814 libri
1282 2783 1347 2814 797
1388 2785 1532 2824 φρενῶν
1569 2780 1612 2825 S]

58 2833 177 2863 κακοῦ
204 2841 222 2863 r
343 2830 410 2861 803
436 2827 692 2870 ἐπιστάμεσθα
718 2827 792 2873 La]
821 2827 1051 2871 ἐπιστάμεθα
1072 2840 1089 2861 r
