1929 3208
775 145 959 178 MHAEIA
1573 140 1629 182 35

136 257 215 297 ΑΙ.
281 258 458 297 πολλῶν
490 253 608 296 ἕκατι
639 253 770 308 τήνδε
803 265 873 294 σοι
906 252 1064 294 δοῦναι
1096 250 1239 306 χάριν,

283 326 434 379 γύναι,
468 326 700 379 πρόθυμός
731 325 837 379 εἰμι,
869 329 1018 378 πρῶτα
1050 319 1130 377 μὲν
1161 325 1296 374 θεῶν,
1563 331 1630 361 720

283 398 428 439 ἔπειτα
460 396 632 438 παίδων
665 392 727 438 ὧν
760 393 1002 450 ἐπαγγέλλῃ
1033 393 1186 447 γονάς·

284 467 326 518 ἐς
358 474 487 510 τοῦτο
520 468 603 521 γὰρ
637 467 690 521 δὴ
723 466 921 521 φροῦδός
952 466 1039 519 εἰμι
1070 469 1154 513 πᾶς
1185 463 1280 517 ἐγώ.

283 538 396 581 οὕτω
431 535 470 580 δ’
507 540 594 593 ἔχει
626 550 719 592 μοι·
752 542 833 579 σοῦ
866 533 946 590 μὲν
979 535 1197 589 ἐλθούσης
1228 535 1394 590 χθόνα,

281 610 549 664 πειράσομαί
576 620 658 651 σου
689 607 919 662 προξενεῖν
951 608 1120 655 δίκαιος
1153 606 1227 647 ὥν.

285 681 485 733 [τοσόνδε
518 679 667 734 μέντοι
700 690 770 721 σοι
802 679 1104 732 προσημαίνω,
1136 677 1284 730 γύναι·
1563 686 1628 716 725

282 751 329 794 ἐκ
359 752 490 805 τῆσδε
522 748 603 804 μὲν
634 755 713 804 γῆς
745 750 799 792 οὔ
830 747 868 790 σ’
906 749 1030 802 ἄγειν
1063 749 1355 801 βουλήσομαι,

282 822 390 876 αὐτὴ
423 817 462 863 δ’
499 821 657 875 ἐάνπερ
689 821 751 870 εἰς
783 819 914 875 ἐμοὺς
946 821 1081 874 ἔλθῃς
1114 819 1297 872 δόμους,

280 899 425 948 μενεῖς
456 893 618 942 ἄσυλος
650 891 732 934 κοῦ
764 903 812 934 σε
844 891 901 945 μὴ
935 893 1057 944 μεθῶ
1089 891 1207 941 τινι]

282 963 327 1006 ἐκ
359 964 491 1018 τῆσδε
524 959 565 1005 δ’
601 963 710 1017 αὐτὴ
742 968 822 1016 γῆς
852 961 1136 1003 ἀπαλλάσσου
1168 959 1299 1001 πόδα·

281 1035 475 1085 ἀναίτιος
506 1035 589 1090 γὰρ
620 1032 694 1076 καὶ
727 1032 867 1085 ξένοις
899 1029 1012 1074 εἶναι
1044 1030 1176 1072 θέλω.
1346 1039 1348 1041 ’
1563 1041 1629 1071 730

104 1109 213 1148 MH.
281 1108 401 1148 ἔσται
432 1104 551 1147 τάδ’·
584 1105 693 1147 ἀλλὰ
724 1106 868 1154 πίστις
899 1104 940 1145 εἰ
969 1101 1141 1157 γένοιτό
1173 1117 1248 1156 μοι

280 1177 464 1230 τούτων,
497 1174 633 1231 ἔχοιμ’
671 1175 726 1217 ἂν
757 1176 900 1217 πάντα
932 1174 1041 1229 πρὸς
1073 1172 1208 1214 σέθεν
1238 1175 1391 1222 καλῶς.

133 1251 210 1291 ΑΙ.
278 1255 372 1303 μῶν
406 1248 459 1290 οὐ
491 1247 726 1298 πέποιθας;
759 1246 785 1301 ἢ
817 1248 863 1288 τί
890 1257 961 1287 σοι
992 1246 1041 1287 τὸ
1075 1242 1306 1299 δυσχερές;

102 1323 211 1362 ΜΗ.
279 1319 492 1362 πέποιθα·
527 1320 694 1360 Πελίου
727 1315 766 1359 δ’
803 1316 962 1372 ἐχθρός
993 1315 1089 1357 ἐστι’
1115 1330 1190 1370 μοι
1223 1315 1358 1369 δόμος

280 1390 437 1445 Κρέων
472 1405 529 1432 τε.
591 1389 764 1438 τούτοις
795 1387 985 1442 ὁρκίοισι
1017 1383 1097 1440 μὲν
1131 1384 1270 1439 ζυγεὶς
1559 1396 1626 1426 735

280 1463 467 1515 ἄγουσιν
500 1460 553 1502 οὐ
586 1457 727 1515 μεθεῖ’
764 1459 819 1501 ἂν
852 1458 899 1500 ἐκ
929 1459 1055 1512 γαίας
1088 1455 1182 1511 ἐμέ·

280 1535 428 1586 λόγοις
461 1529 509 1573 δὲ
542 1531 711 1586 συμβὰς
742 1528 813 1572 καὶ
844 1533 966 1571 θεῶν
998 1528 1224 1582 ἀνώμοτος

279 1606 410 1658 φίλος
441 1598 576 1657 γένοι’
613 1601 668 1644 ἂν
699 1600 1112 1656 κᾶπικηρυκεύματα

280 1674 360 1716 οὐκ
392 1673 447 1716 ἂν
478 1677 650 1715 πίθοιο·
683 1672 796 1727 τάμὰ
828 1669 908 1726 μὲν
939 1671 1022 1725 γὰρ
1055 1670 1244 1724 ἀσθενῆ,

278 1752 369 1795 τοῖς
401 1743 443 1786 δ’
482 1746 612 1798 ὄλβος
644 1742 734 1786 ἐστὶ
766 1741 838 1785 καὶ
871 1743 1004 1798 δόμος
1035 1742 1309 1797 τυραννικός.
1557 1751 1625 1781 740

132 1819 209 1858 AI.
276 1817 446 1870 πολλὴν
477 1814 623 1866 ἔλεξας
655 1815 702 1857 ἐν
735 1816 882 1868 λόγοις
912 1814 1189 1868 προμηθίαν·

280 1885 392 1941 ἀλλ’,
427 1890 466 1929 εἰ
497 1887 620 1929 δοκεῖ
648 1899 740 1941 σοι,
772 1886 885 1940 δρᾶν
915 1883 1008 1926 τάδ’
1047 1884 1129 1926 οὐκ
1160 1883 1412 1938 ἀφίσταμαι.

196 2085 264 2116 719
290 2080 406 2126 Aegei
436 2082 565 2115 notam
596 2090 666 2114 om.
687 2080 722 2114 B
756 2078 840 2114 add.
863 2079 882 2113 b
1028 2081 1093 2112 721
1122 2074 1173 2112 ὧν
1195 2077 1224 2112 C'
1259 2074 1310 2111 ὦ*
1330 2076 1380 2122 L]
1419 2073 1470 2110 ὧν
1497 2074 1532 2119 μ’
1558 2076 1596 2110 ν]
1618 2081 1622 2115 1

101 2132 280 2180 ἐπαγγέλη
301 2134 337 2168 Β
471 2137 538 2168 723
566 2132 637 2178 ἔχει
663 2146 723 2177 μοι
744 2132 877 2178 Labe]
916 2131 1033 2176 ἔχοιμι
1054 2130 1121 2166 ναΞ
1255 2134 1322 2164 724
1348 2128 1569 2173 πειράσ*μαι
1591 2129 1624 2162 L

99 2187 321 2232 πειράσομαι
342 2188 354 2222 l
375 2189 379 2232 Ι
402 2187 484 2233 σου]
508 2185 575 2232 ’γὼ
601 2186 740 2220 Porson
884 2187 1046 2218 725—28
1076 2183 1221 2218 uncinis
1247 2182 1399 2217 inclusit
1424 2181 1624 2227 Kirchhoff,

101 2240 167 2275 alii
190 2240 336 2274 malunt
361 2241 540 2283 quabtuor
565 2249 690 2273 versus
711 2242 788 2273 723.
818 2241 895 2273 724.
926 2241 1002 2272 729.
1031 2241 1098 2271 730
1120 2236 1266 2271 abicere
1341 2239 1407 2270 7-25
1433 2234 1585 2269 τοσόνδε
1602 2246 1622 2268 ιι

99 2291 250 2339 τοσόνγε
268 2306 289 2329 r
314 2293 367 2337 (τὸ
395 2291 459 2328 σόν
485 2305 524 2338 γε
544 2292 591 2337 L)
621 2295 625 2337 Ι
653 2297 877 2356 προσημανῶ
897 2303 920 2326 ιι
1028 2294 1094 2324 733
1121 2288 1159 2336 ἢ]
1187 2290 1237 2330 εἰς
1256 2290 1291 2324 L
1389 2292 1456 2322 735
1482 2287 1625 2327 τούτοις

100 2346 246 2393 scripsi]
277 2346 439 2381 τούτοισι
466 2345 504 2381 δ
525 2346 593 2380 Ba
629 2358 773 2385 τουτοις
798 2343 833 2379 δ’
856 2357 877 2380 o·
898 2348 902 2385 1
926 2345 1048 2389 ζυγοῖς
1072 2344 1129 2388 (ut
1154 2342 1240 2387 xid.)
1267 2353 1358 2377 corr.
1385 2341 1424 2375 in
1451 2341 1569 2386 ζυγεὶς
1590 2341 1622 2374 Ι

148 2403 215 2433 736
242 2398 365 2444 μεθεῖ’
389 2399 439 2445 L]
466 2401 594 2443 μεθεῑς
613 2399 680 2433 αΡ
702 2398 866 2442 με***Β
891 2395 992 2442 (μεθ’
1023 2398 1066 2438 ἡς
1087 2396 1132 2441 C)
1159 2398 1278 2440 μεθῆς
1294 2395 1359 2429 El>
1434 2397 1499 2428 737
1529 2392 1622 2428 ἀνώ-

101 2464 210 2496 μοτος
228 2453 266 2498 d]
301 2450 492 2497 ἰιινώμοτος
516 2451 552 2496 (i.
580 2462 610 2486 e.
637 2451 838 2495 ἀνώμοτος)
858 2450 892 2484 L
932 2447 1145 2494 ἕνώμοτοςῐ
1183 2448 1364 2492 ἐνώμοτος
1383 2459 1406 2482 α
1445 2446 1521 2481 ἀνω
1548 2445 1618 2489 (vel

101 2505 189 2549 ἀνα)
214 2517 292 2551 sup.
320 2505 389 2541 ἐνω
416 2516 482 2540 scr.
504 2504 546 2539 α2
571 2504 790 2548 ἐνώμοτοςν
888 2506 955 2537 738
981 2501 1333 2546 κάπικηρυκεὺματα
1359 2512 1442 2535 cum
1462 2499 1622 2542 Didymo

100 2558 213 2593 schol.
239 2564 282 2605 τῇ
313 2557 354 2593 δὲ
387 2556 518 2607 εὐθείᾳ
549 2558 633 2592 ἀντὶ
664 2559 813 2602 δοτικῆς
843 2556 1031 2602 κέχρηται·
1072 2554 1145 2589 ἔδει
1177 2554 1247 2600 γὰρ
1280 2554 1413 2588 εἰπεῖν·
1452 2552 1515 2586 καὶ
1546 2557 1624 2591 τοῖς

100 2611 433 2656 ἐπικηρυκεύμασιν
465 2612 532 2646 οὐκ
564 2609 612 2646 ἀν
643 2609 786 2645 πίθοιο
838 2607 1002 2653 Δίδυμος
1033 2607 1077 2643 δέ
1107 2619 1221 2652 φησιν
1253 2605 1429 2641 ἐλλείπειν
1454 2604 1520 2649 τὴν
1546 2604 1621 2648 διά,

100 2663 150 2700 ἵν’
181 2667 220 2711 ᾑ·
254 2665 317 2699 ’καὶ
350 2663 413 2699 διὰ
438 2663 483 2698 τὰ
509 2663 845 2709 ἐπικηρυκεύματα]
871 2661 1237 2706 κάπικηρυκεύμασιν
1257 2660 1297 2694 Ε
1302 2660 1361 2694 aS
1396 2658 1487 2692 κάπὶ
1513 2671 1622 2702 κηρυ-

99 2717 254 2762 κεύμασι
273 2729 293 2752 ‘r
329 2717 421 2751 κάπὶ
446 2716 718 2761 κηρυκεύμασιν
733 2728 765 2761 p
875 2718 940 2750 739
968 2715 1035 2749 οὐκ
1062 2713 1124 2759 ἂν]
1152 2713 1271 2748 ὀκνῶν
1296 2713 1334 2746 F.
1350 2712 1422 2746 Leo
1449 2709 1543 2755 (τάχ’
1574 2709 1621 2745 ἂν

99 2770 234 2806 Jacobs
266 2771 304 2805 et
329 2769 599 2814 wyttenbach‚
637 2767 770 2804 κείνων
803 2768 1035 2803 Schoemann
1071 2765 1181 2800 πίθοι
1214 2778 1251 2800 σε
1277 2763 1438 2809 Lenting
1475 2764 1542 2798 οὐκ
1574 2761 1622 2799 ἂν

99 2829 230 2867 παρεῖο
258 2821 536 2867 Stadtmueller)
658 2825 722 2856 741
752 2821 888 2867 ἔλεξας]
922 2819 1064 2862 ἔδειξας
1090 2818 1263 2864 Sigonius
1295 2819 1404 2852 «teste
1430 2815 1620 2860 Elmsleio)

95 2872 138 2911 et
162 2875 395 2911 Valckenaer
423 2876 428 2920 Ι
456 2874 496 2910 ἐν
527 2873 649 2920 λόγοις
667 2874 710 2920 S]
748 2870 775 2908 ὦ
809 2874 917 2919 γύναι
937 2886 956 2909 r
982 2874 1009 2918 (Z
1032 2872 1072 2906 in
1096 2873 1221 2917 mrg.),
1253 2871 1337 2906 f·01t.
1364 2870 1426 2904 καὶ
1452 2869 1574 2914 σοφὴν

1363 2929 1407 2963 3*
