1929 3208
205 87 252 126 ¹2?
851 88 1117 120 ΕΥΡΙΠΙΔΟΥ

413 195 454 234 τί
485 195 565 247 χρὴ
600 193 811 246 γενέσθαι.
844 195 924 248 τὴν
956 195 1347 250 ὑπερβεβλημένην

413 270 618 317 γυναῖκας
651 271 741 313 πῶς
773 265 813 305 δ’
847 264 901 306 ἂν
933 269 1101 318 μᾶλλον
1134 265 1373 317 ἐνδείξαιτό
1408 283 1471 317 τις

410 337 542 376 πόσιν
575 335 817 388 προτιμσῖσ’
849 335 874 389 ἦ
908 335 1091 378 θέλουσ’
1124 337 1417 392 ὑπερθανεῖν;
1704 351 1767 382 155

410 406 479 446 καὶ.
515 411 649 447 ταῦτα
681 406 761 459 μὲν
793 407 847 460 δὴ
881 407 981 448 πᾶσ’
1014 407 1240 450 ἐπίσταται
1273 410 1412 458 πόλις·

409 476 435 517 ἃ
469 476 509 516 δ’
542 475 590 518 ἐν
624 477 775 529 δόμοις
807 475 963 532 ἔδρασε
996 479 1206 538 θαυμάσῃ
1239 480 1395 521 κλύων.

411 546 504 588 ἐπεὶ
539 549 621 601 γὰρ
658 546 819 605 ᾔσθεθ’
851 548 1018 603 ἡμέραν
1050 551 1131 604 τὴν
1163 552 1322 605 κυρίαν

413 619 621 672 ἤκουσαν,
654 619 785 660 ὕδασι
818 622 1048 673 ποταμίοις
1081 623 1240 664 λευκὸν
1272 625 1381 677 χρόα

411 689 627 742 ἐλούσατ’,
660 689 706 732 ἐκ
740 690 780 731 δ’
814 689 976 733 ἑλοῦσα
1009 692 1227 747 κεδρίνων
1260 694 1409 746 δόμων
1700 706 1765 737 160

409 760 576 815 ἐσθῆτα
609 763 775 814 κόσμον
809 762 845 802 τ’
878 763 1107 817 εὐπρεπῶς
1139 764 1358 819 ἠσκήσατο

409 832 480 873 καὶ
513 838 650 873 στᾶσα
682 834 884 886 πρόσθεν
918 832 1063 884 ἑστίας
1095 834 1352 888 κατηύξατο

407 903 637 957 ,δέσποιν’,
670 902 755 957 ἐγὼ
788 905 871 959 γὰρ
905 903 1084 959 ἔρχομαι
1116 907 1224 947 κατὰ
1257 909 1440 961 χθονός,

407 975 690 1017 πανύστατόν
723 986 770 1016 σε
803 977 1123 1030 προσπίτνουσ’
1157 977 1402 1031 αἰτήσομαι,

408 1045 523 1088 τέκν’
557 1046 832 1099 ὀρφανεῦσαι
863 1047 991 1100 τάμά·
1025 1048 1097 1089 καὶ
1129 1054 1188 1104 τῷ
1220 1048 1300 1100 μὲν
1333 1050 1470 1103 φίλην
1696 1060 1761 1092 165

407 1117 618 1168 σύζευξον
650 1118 827 1172 ἄλοχον,
860 1124 911 1173 τῇ
945 1118 994 1160 δὲ
1025 1125 1234 1172 γενναῖον
1267 1121 1409 1161 πόσιν.

405 1188 506 1242 μηδ’
539 1188 684 1241 ὥσπερ
719 1189 866 1230 αὐτῶν
898 1190 922 1243 ἡ
957 1190 1128 1231 τεκοῦσ’
1161 1189 1409 1243 ἀπόλλυμαι

406 1263 566 1301 θανεῖν
599 1259 770 1313 ἀώρους
803 1260 981 1313 παῖδας,
1014 1260 1108 1302 ἀλλ’
1142 1261 1407 1315 εὐδαίμονας

406 1329 454 1371 ἐν
485 1336 541 1385 γῇ
575 1331 755 1387 πατρῴα
787 1332 977 1385 τερπνὸν
1010 1330 1221 1386 ἐκπλῆσαι
1253 1333 1381 1385 βίον(
1415 1329 1421 1333 ’

405 1399 572 1450 πάντας
605 1401 654 1443 δὲ
686 1403 863 1455 βωμοὺς
897 1403 941 1443 οἳ
970 1402 1064 1443 κατ’
1093 1401 1308 1458 Ἀδμήτου
1342 1404 1506 1457 δόμους
1696 1415 1761 1446 170

405 1475 633 1526 προσῆλθε
665 1471 900 1524 κάξέστεψε
931 1473 1004 1515 καὶ
1035 1473 1327 1528 προσηύξατο,

404 1544 616 1596 πτόρθων
649 1543 945 1598 ἀποσχίζουσα
976 1546 1194 1599 μυρσίνης
1226 1547 1387 1599 φόβην,

405 1616 619 1663 ἄκλαυτος
652 1614 933 1669 ἀστένακτος,
967 1615 1073 1658 οὐδὲ
1104 1616 1291 1658 τούπιὸν

404 1686 540 1727 κακὸν
571 1687 759 1740 μεθίστη
792 1687 956 1741 χρωτὸς
989 1687 1136 1741 εὐειδῆ
1171 1688 1320 1742 φύσιν.

403 1757 583 1798 κᾶπειτα
614 1757 820 1810 θάλαμον
851 1756 1099 1799 ἐσπεσοῦσα
1131 1758 1203 1800 καὶ
1237 1757 1361 1813 λέχος
1693 1770 1759 1801 175

403 1827 600 1870 ἐνταῦθα
633 1829 687 1882 δὴ
722 1828 927 1883 ’δάκρυσε
960 1829 1032 1871 καὶ
1064 1827 1180 1883 λέγει
1213 1829 1330 1871 τάδε·

402 1896 449 1951 ,ὦ
483 1897 681 1953 λέκτρον,
714 1897 827 1941 ἔνθα
858 1898 1090 1954 παρθένει’
1123 1898 1243 1942 ἕλυσ’
1276 1899 1360 1954 ἐγὼ

402 1970 635 2025 κορεύματ’
668 1969 715 2012 ἐκ
751 1971 870 2013 τοῦδ’
903 1969 1086 2026 ἀνδρός,
1119 1968 1171 2013 οὗ
1203 1969 1387 2029 θνῄσκω
1420 1972 1533 2027 πέρι,

403 2042 532 2096 χαῖρ’·
567 2042 620 2083 οὐ
654 2043 737 2096 γὰρ
770 2042 964 2097 ἐχθαίρω
997 2043 1055 2084 σ’·
1090 2042 1316 2093 ἀπώλεσας
1349 2042 1401 2085 δέ
1428 2058 1480 2096 με

401 2114 560 2165 μόνον·
593 2113 841 2167 προδοῦναι
873 2114 957 2167 γάρ
990 2114 1030 2155 σ’
1064 2114 1259 2155 ὀκνοῦσα
1291 2113 1363 2155 καὶ
1395 2115 1528 2156 πόσιν
1690 2125 1756 2156 180

402 2183 595 2241 θνῄσκω.
660 2183 708 2225 σὲ
741 2184 781 2224 δ’
815 2185 923 2238 ἄλλη
956 2200 1021 2234 τις
1052 2185 1165 2238 γυνὴ
1198 2187 1463 2238 κεκτήσεται,

402 2255 594 2309 σώφρων
626 2255 707 2308 μὲν
740 2255 821 2297 οὐκ
854 2254 908 2296 ἂν
940 2259 1122 2309 μᾶλλον,
1162 2255 1347 2310 εὐτυχὴς
1379 2255 1420 2296 δ’
1453 2255 1581 2305 ἴσως.ι

401 2331 526 2367 κυνεῖ
558 2325 607 2367 δὲ
638 2328 987 2381 προσπίτνουσα,
1018 2332 1107 2368 πᾶν
1140 2326 1189 2368 δὲ
1221 2325 1402 2378 δέμνιον

248 2460 314 2488 153
343 2453 382 2489 τὸ
410 2452 457 2498 μὴ
485 2453 705 2498 οὑ-τήνὸ’
734 2455 897 2499 Lenting
936 2454 995 2499 (οὐ
1035 2454 1259 2500 Διιὴ--τήνιΥ
1301 2455 1450 2499 Reiske)
1574 2459 1642 2490 154
1669 2455 1752 2490 fort.

188 2508 263 2542 πῶς
290 2503 320 2546 γ’
352 2499 396 2536 ἃν
422 2501 480 2535 vel
506 2507 583 2541 πῶς
610 2499 655 2537 ἂν
744 2505 809 2536 157
837 2502 1018 2547 θαυμάσῃ
1044 2503 1080 2536 Β
1119 2516 1150 2538 ει
1176 2515 1255 2547 sup.
1284 2516 1305 2546 η
1332 2514 1400 2537 scr.
1428 2503 1448 2537 b
1485 2502 1694 2546 θαυμάσεις
1720 2504 1754 2538 L

192 2564 207 2592 η
236 2561 314 2593 sup.
344 2562 395 2590 εις
423 2560 492 2584 scr.
521 2549 532 2582 l
650 2552 716 2583 158
744 2549 828 2584 fort.
857 2551 986 2592 κύριον
1097 2553 1164 2585 160
1191 2550 1328 2595 δόμων]
1356 2552 1476 2595 δοχῶν
1501 2549 1647 2584 Lindau
1673 2550 1752 2593 (cfr.

187 2596 344 2640 Hesych.
373 2597 522 2641 ὁοχούς·
552 2598 691 2641 dexesa]
793 2601 858 2631 161
888 2599 1092 2641 εὐπρεπῶς]
1119 2597 1309 2641 ἐκπρεπῶς
1335 2597 1461 2632 Naber
1549 2601 1616 2632 164
1642 2608 1752 2641 προσ-

189 2644 352 2678 τιίτνουσ’
380 2647 417 2687 a}
458 2644 721 2687 προσπιτνοῦσ’
760 2644 828 2679 rag
951 2648 1016 2679 167
1057 2644 1262 2680 ἀπόλλυται
1288 2645 1316 2680 S
1437 2648 1502 2679 172
1536 2644 1691 2689 πόρθων
1717 2646 1753 2679 Β

188 2706 204 2725 τ
233 2703 310 2735 sup.
339 2706 365 2726 π
392 2703 458 2726 ser.
487 2692 506 2726 b
530 2693 534 2735 Ι
557 2696 742 2735 μυρσινῶν
769 2691 796 2725 S
869 2695 936 2725 173
964 2692 1147 2733 ἄκλαυτος
1173 2694 1222 2737 L]
1249 2692 1455 2732 ἄκλαυστος
1480 2704 1499 2726 r
1577 2695 1644 2726 176
1670 2691 1752 2726 ’δά-

188 2751 294 2781 κρυσε
322 2739 460 2782 Heassh]
488 2738 647 2782 ὃάκρυσε
674 2737 762 2773 libri
882 2742 946 2773 177
974 2737 1204 2785 παρθένευμ’
1230 2739 1368 2784 (deleto
1394 2751 1425 2773 v.
1448 2741 1515 2783 sq.)
1543 2739 1581 2774 B.
1603 2738 1752 2773 Hanne-

187 2786 341 2820 mueller
442 2789 506 2820 178
547 2786 700 2820 damnab
737 2785 869 2820 Nauck
972 2790 1037 2821 180
1076 2787 1188 2831 μόνον
1216 2786 1432 2830 Markland]
1472 2786 1586 2831 μόνην
1618 2785 1704 2820 libri

190 2836 253 2866 182
283 2831 349 2867 οὐκ
377 2833 437 2875 Far}
466 2832 547 2879 οὐχὶ
588 2833 721 2868 Suidas
754 2845 780 2868 s.
801 2845 833 2868 v.
861 2832 1019 2878 κλέπτης
1144 2838 1208 2869 183
1236 2836 1334 2869 κύνει
1364 2834 1392 2867 S
1430 2836 1433 2878 Ι
1475 2833 1752 2877 προσπίτνουσα
