1929 3208
804 162 970 194 EAENH
1592 161 1646 202 57

126 269 218 308 EA.
342 265 475 310 οὐδὲν
508 270 564 310 σὺ
596 270 802 323 μεμπτός·
835 275 910 322 τῆς
941 268 1073 323 τύχης
1105 284 1156 323 με
1189 269 1260 310 δεῖ
1287 270 1438 323 μόνον.

124 340 295 380 ΘΕΟΚ.
339 338 387 380 ἐν
419 337 491 380 σοὶ
522 338 633 393 τόδ’,
665 340 720 393 ἢν
752 339 834 393 σὴν
867 340 928 388 εἰς
961 337 1025 393 ἔμ’
1063 339 1243 383 εὔνοιαν
1277 340 1421 396 διδῷς.
1560 352 1647 380 1425

123 411 214 450 EA.
337 409 389 451 οὐ
420 415 504 451 νῦν
537 409 834 464 διδαξόμεσθα
866 411 970 459 τοὺς
1001 412 1159 464 φίλους
1191 414 1350 464 φιλεῖν.

124 480 294 520 ΘΕΟΚ.
336 480 487 533 βούλει
521 479 744 534 ξυνεργῶν
776 481 906 529 αὐτὸς
938 479 1141 534 ἐκπέμψω
1176 483 1355 528 στόλους

123 551 214 590 EA.
335 550 504 604 ἥκιστα·
538 550 594 604 μὴ
629 550 811 592 δούλευε
850 558 945 600 σοῖς
977 551 1168 601 δούλοις,
1201 552 1322 602 ἄναξ.

122 621 292 661 ΘΕΟΚ.
334 619 427 662 ἀλλ’
466 617 548 662 εἶα·
580 622 684 670 τοὺς
715 618 795 674 μὲν
830 621 1094 663 Πελοπιδῶν
1127 621 1182 663 ἐῶ
1214 623 1396 675 νόμους·

332 692 506 745 καθαρὰ
537 692 620 745 γὰρ
652 690 756 745 ἡμῖν
789 689 971 745 δώματ’·
1005 692 1060 734 οὐ
1091 692 1175 746 γὰρ
1208 692 1370 734 ἐνθάδε
1557 704 1646 734 1430

335 762 481 816 ψυχὴν
513 761 653 817 ἀφῆκε
687 761 935 812 Μενέλεως·
970 766 1046 804 ἴτω
1079 762 1131 804 δέ
1158 779 1224 812 τις

335 833 519 887 φράσων
551 833 764 887 ὑπάρχοις
795 840 887 882 τοῖς
919 832 1038 888 ἐμοῖς
1070 832 1223 889 φέρειν
1256 834 1408 889 γάμων

333 901 544 958 ἀγάλματ’
581 907 730 953 οἴκους
761 904 823 953 εἰς
855 903 1000 958 ε’μούς·
1033 910 1179 946 πᾶσαν
1213 902 1260 946 δὲ
1293 906 1374 960 χρὴ

332 981 462 1027 γαῖαν
493 977 686 1027 βοᾶσθαι
719 976 952 1029 μακαρίαις
983 974 1226 1031 ὑμνῳδίαις

331 1043 545 1099 ὑμέναιον
571 1042 751 1098 Ἑλένης
782 1044 936 1099 κάμόν,
970 1045 1028 1095 ὡς
1061 1045 1250 1099 ζηλωτὸς
1282 1043 1328 1088 ὦ.
1557 1060 1646 1089 1435

330 1117 386 1158 σὺ
419 1114 479 1169 δ’,
512 1111 544 1157 ὦ
578 1113 684 1166 ξέν’,
718 1115 880 1167 ἐλθών,
911 1117 1147 1169 πελαγίους
1180 1115 1223 1166 ἐς
1255 1116 1445 1171 ἀγκάλας

331 1192 390 1243 τςό
424 1187 554 1241 τῆσδε
585 1187 690 1240 πρίν
721 1183 816 1228 ποτ’
855 1187 950 1228 ὄντι
983 1187 1090 1236 δοὺς
1121 1189 1250 1230 πόσει,
1277 1188 1394 1242 τάδε,

331 1257 462 1299 πάλιν
493 1258 602 1312 πρὸς
634 1261 784 1307 οἴκους
815 1255 966 1299 σπεῦδ’
1005 1257 1114 1312 ε’μὴν
1147 1256 1331 1314 δάμαρτ’
1368 1261 1495 1314 ἔχων,

335 1329 393 1378 ὡς
423 1329 527 1377 τοὺς
558 1327 725 1382 γάμους
757 1329 860 1378 τοὺς
890 1329 1022 1382 τῆσδε
1055 1329 1298 1380 συνδαίσας
1329 1329 1425 1385 ἐμοὶ

332 1401 488 1454 στέλλῃ
519 1399 627 1453 πρὸς
659 1402 807 1448 οἴκους
839 1398 864 1453 ἢ
897 1398 1044 1454 μένων
1077 1399 1354 1455 εὐδαιμονῇς.
1554 1414 1645 1443 1440

122 1472 220 1511 ΜΕ.
331 1466 364 1511 ὦ
399 1473 498 1523 Ζεῦ,
530 1472 670 1524 πατήρ
705 1485 747 1512 τε
779 1468 850 1511 καὶ
883 1470 1023 1524 σοφὸς
1053 1468 1187 1526 κλῄζῃ
1219 1473 1339 1523 θεός,

334 1541 500 1594 βλέψον
531 1541 639 1595 πρὸς
670 1540 781 1595 ἡμᾶς
812 1539 883 1582 καὶ
915 1541 1187 1596 μετάστησον
1219 1550 1377 1585 κακῶν.

332 1611 509 1654 ἕλκουσι
542 1609 582 1653 δ’
618 1611 723 1666 ἡμῖν
754 1612 863 1667 πρὸς
895 1611 1028 1662 λέπας
1058 1613 1134 1662 τὰς
1167 1615 1398 1668 συμφορὰς

333 1683 503 1737 σπουδῇ
536 1684 748 1732 σύναψαι·
779 1681 861 1724 κᾶν
893 1683 1004 1739 ἄκρᾳ
1037 1685 1170 1739 θίγῃς
1200 1687 1308 1740 χερί,

332 1753 492 1808 ἥξομεν
524 1751 581 1794 ἵν’
621 1753 771 1795 ἐλθεῖν
803 1755 1088 1808 βουλόμεσθα
1118 1760 1194 1809 τῆς
1225 1756 1370 1811 τύχης.
1558 1770 1644 1799 1445

331 1824 426 1873 ἅλις
458 1821 507 1866 δὲ
538 1825 721 1879 μόχθων
754 1823 832 1874 οὓς
863 1823 1142 1879 ἐμοχθοῦμεν
1174 1827 1324 1882 πάρος.

330 1893 548 1948 κέκλησθέ
577 1911 664 1949 μοι,
697 1897 812 1948 θεοί,
844 1896 999 1949 πολλά,
1032 1894 1164 1950 χάρθ’
1201 1897 1313 1951 ὁμοῦ
1344 1899 1496 1941 κλύειν

330 1964 403 2007 καὶ
435 1964 585 2020 λύπρ’”
618 1965 782 2020 ὀφείλω
815 1965 855 2007 δ’
893 1965 973 2009 οὐκ
1005 1965 1070 2009 ἀεὶ
1102 1968 1317 2023 πράσσειν
1348 1978 1505 2023 κακῶς,

331 2036 454 2093 ὀρθῷ
489 2034 537 2078 δὲ
569 2038 701 2090 βῆναι
731 2037 853 2078 ποδί·
886 2039 992 2091 μίαν
1027 2037 1078 2079 δέ
1106 2053 1181 2093 μοι
1213 2039 1342 2094 χάριν

332 2108 482 2157 δόντες
513 2108 561 2149 τὸ
594 2107 751 2149 λοιπὸν
783 2107 942 2163 εὐτυχῆ
975 2124 1027 2162 με
1058 2110 1233 2163 θήσετε.
1553 2124 1644 2154 1450

121 2239 207 2278 XO.
333 2239 548 2279 Φοίνισσα
581 2238 804 2288 Σιδωνιὰς
836 2235 869 2280 ὦ
1419 2240 1583 2295 stroph.

329 2314 476 2362 ταχεῖα
508 2309 645 2362 κώπα,
678 2309 875 2363 ῥοθίοισι
907 2311 1048 2363 μήτηρ

330 2379 492 2433 εἰρεσία
524 2381 645 2434 φίλα,

214 2528 305 2558 1424
325 2536 395 2559 om.
414 2525 446 2558 (i
469 2526 474 2569 Ι
497 2537 539 2569 με
559 2526 631 2571 δεῖ]
651 2525 846 2571 Musgrave
866 2531 942 2571 (μοι
963 2527 1021 2561 δεῖ
1038 2527 1199 2572 Reisko)‚
1220 2526 1315 2572 μέλει
1336 2528 1370 2562 L
1446 2532 1536 2562 1433
1557 2529 1640 2574 χρὴ]

117 2576 313 2620 Matthiae,
338 2583 429 2623 χρῆν
455 2578 533 2613 LG
638 2582 728 2612 1434
753 2578 836 2614 fort.
863 2578 1060 2623 μακαρίοις
1159 2585 1247 2615 1435
1275 2576 1318 2626 ὦ]
1346 2580 1486 2625 scripsi,
1514 2577 1535 2627 ᾗ
1563 2582 1641 2616 LG

213 2633 300 2664 1441
330 2630 450 2674 πατὴρ
477 2629 546 2675 γὰρ
567 2630 762 2666 Kirchhoff
838 2635 928 2666 1443
948 2630 1074 2679 λέπας]
1095 2633 1304 2679 Musgmoe,
1331 2633 1448 2673 λύπας
1467 2634 1545 2668 LG

119 2686 315 2716 1447—50
347 2683 507 2727 suspecti
632 2687 720 2718 1447
748 2682 862 2728 χάρθ’
899 2684 1008 2731 ὁμοῦ]
1040 2686 1170 2731 scripsi
1201 2685 1348 2731 (χρήσθ’
1380 2686 1470 2730 ὁμοῦ
1497 2686 1639 2731 Nauck,

117 2735 231 2780 χαρτά
258 2735 507 2780 Herwerden)‚
535 2735 658 2782 χρήστ’
689 2736 777 2780 ἐμοῦ
797 2737 875 2772 LG-
974 2743 1063 2773 1443
1090 2738 1217 2784 λύπρ’]
1246 2739 1421 2783 Scaliger,
1447 2739 1566 2782 λυπρά
1594 2741 1639 2783 L,

115 2786 234 2830 λυπρά
262 2786 296 2832 γ’
322 2787 376 2822 ZG
487 2792 576 2822 1449
603 2787 639 2823 δ’
670 2789 750 2832 ἐμοὶ
776 2789 886 2835 vulgo
997 2796 1086 2826 1452
1113 2789 1294 2838 ῥοθίοισι]
1321 2791 1465 2835 Canter,
1492 2789 1639 2836 ῥ’όθοισι

115 2840 193 2875 LG
215 2840 220 2885 Ι
243 2839 361 2884 μάτηρ
388 2840 582 2885 Matthiae,
610 2840 764 2886 Νηρέως
788 2842 957 2877 Badham
1074 2848 1163 2878 1453
1190 2843 1311 2888 ἐρεσία
1337 2845 1425 2889 LG,
1452 2844 1589 2889 εἰρεσία
1616 2847 1638 2889 l,

116 2891 253 2941 εἰρεσία
279 2893 428 2937 Bames,
456 2891 612 2937 εἰρεσίας
635 2894 823 2930 Fritzsohe
