1929 3208
189 145 245 187 38
851 144 1007 179 APPEN
1016 144 1093 180 mx

249 254 312 285 541
343 250 531 295 ἀνθηραῖς
557 249 682 295 χλόαις
713 250 891 286 Wicuolcr
987 255 1055 286 5⁴2
1083 254 1220 287 καλοῦν
1248 252 1428 288 Wioaolor
1513 258 1579 289 544
1607 254 1763 301 κλίνηθι,

189 303 255 337 ‹5121-
281 316 340 347 μοι
370 304 439 347 rw!
468 305 534 338 oin*
561 304 657 348 ἐμοὶ)
685 305 844 349 1ἶ11ι)’(ἰοι-ι

248 367 310 395 661
344 362 467 396 Sileno
495 363 627 398 tribuit
656 364 824 408 lmnting,
852 365 961 399 choro
991 365 1153 399 Mancini
1253 370 1319 400 553
1348 366 1438 401 ἀλλά
1464 367 1507 411 μ’
1538 367 1694 412 lllaydes

190 420 256 449 555
278 414 357 450 ἐπεί
377 417 447 459 μού
468 417 560 460 φησ’
576 416 665 460 ἐρᾶν
689 417 837 452 Florem
859 418 1104 460 Christianum,
1125 417 1205 453 ἐπεί
1218 433 1288 463 μου
1304 419 1346 454 οὔ
1361 421 1453 464 φησ’
1469 421 1557 465 ἐρᾶν
1579 421 1756 469 Spengel!

189 469 303 508 ὄντως
340 471 453 504 καλοῦ
492 470 671 505 wieselor
749 475 816 504 55ss
844 471 940 517 ἔγχει
975 470 1094 506 πλέων
1133 486 1171 517 γε
1207 471 1271 508 τὸν
1308 474 1451 518 σκύφον
1491 476 1619 515 διδοὺς
1644 482 1759 511 ποτοῦ

188 523 255 566 μϊί
285 523 445 567 σκύφον·
481 522 589 558 δίδου
615 522 744 568 μόνον)
775 524 932 570 1ἷ1ιι)’(ῑοῆ
955 527 960 570 Ι
984 523 1102 560 πλέων
1129 525 1174 571 δὴ
1205 526 1386 562 Matthiae
1409 529 1412 572 Ι
1435 526 1476 563 τὸ
1504 529 1645 573 σκύφος
1670 529 1759 573 'Pyr-

189 577 296 610 whitt
318 579 323 619 Ι
345 575 461 620 μόνον
498 577 536 611 δὲ
571 576 634 613 τὸν
671 578 815 622 σκύφον
852 577 960 614 δίδου
996 577 1115 614 πλέων
1146 579 1267 623 l'alcy,
1303 578 1421 615 πλέων
1458 581 1497 616 δὲ
1524 580 1588 617 τὸν
1615 583 1760 627 σκύφον

189 628 297 664 δίδου
324 628 438 674 νόμον
467 630 647 666 wieseler
730 636 798 666 558
826 630 890 672 δὸς
916 630 1023 673 οὗτος
1049 632 1235 676 'l'yrwliitt
1257 636 1261 678 Ι
1285 631 1349 674 δὸς
1376 633 1469 669 οὕτω
1496 648 1568 680 μοι.
1622 639 1682 671 ΣΙ.
1710 635 1760 680 μὰ

188 682 253 717 Δί’
280 682 324 717 οὗ
350 683 406 718 vel
434 682 498 723 δὸς
525 683 649 724 οὕτως.
703 688 763 720 ΣΙ.
792 684 836 720 οὐ
862 686 912 731 μὰ
941 684 1014 720 ,Δία
1041 686 1129 730 πρὶν
1165 687 1324 731 ΗΙῑιγάοΒ
1347 689 1351 731 Ι
1375 687 1421 722 ἄν
1448 686 1487 723 σέ
1512 701 1550 734 γε
1578 689 1760 725 editiones

187 738 270 778 vet..
297 735 343 771 ἂν
371 735 410 771 σέ
436 751 471 772 τε
500 738 687 773 Hermann
785 743 853 773 559
880 737 1041 785 λαβόντα
1068 739 1252 784 γεύσωμαί
1277 753 1313 775 τε
1341 739 1380 775 σέ
1407 741 1570 776 Mancini

248 806 316 836 560
343 801 402 848 οὐ]
441 803 503 837 ναὶ
543 803 793 839 Wilamowitz
903 809 968 840 561
999 805 1056 839 σοὶ
1095 805 1159 839 ’θ’
1200 805 1379 840 Wieseler
1488 810 1555 841 562
1585 807 1685 852 ἰδού,
1719 806 1760 844 τὸ

187 858 306 901 χεῖλος
333 855 506 901 καθαρὸν
534 857 684 892 Florens
712 857 945 893 Christianus
967 860 972 903 Ι
996 858 1035 892 αἱ
1070 856 1205 905 τρίχες]
1242 857 1391 900 εὐτυκές
1417 860 1560 903 Nauck,
1597 861 1635 896 αἱ
1663 859 1762 907 ῥῖνές

187 910 275 944 olim
304 911 554 954 coniciebam,
587 909 758 954 εὐτρεπές
784 912 939 947 Κνίὂειὶθ,
1014 916 1081 946 563
1108 912 1176 952 θὲς
1209 913 1254 958 δὴ
1280 911 1344 948 τὸν
1372 914 1545 959 Hartung
1619 919 1687 950 564
1714 915 1762 955 ὡς

187 961 293 1005 ξένον
326 963 416 1015 ὁρᾷς
453 965 586 1000 Reiske
610 968 614 1010 Ι
638 964 757 1009 ὥσπερ
794 965 854 1011 ἔμ’
880 965 971 1016 ὁρᾷς
992 994 998 1001 .
1024 995 1029 1000 .
1053 994 1060 1000 .
1081 965 1225 1011 χῶσπερ
1265 964 1330 1001 οὖν
1363 966 1494 1011 πρέπει
1520 968 1591 1014 (vel
1617 967 1760 1013 χῶσπερ

187 1016 379 1062 εὐπρεπές)
401 1018 560 1063 Blaydes
584 1020 588 1063 Ι
611 1017 754 1063 χῶσπερ
782 1018 849 1054 οὐκ
877 1019 949 1064 έμῶ
990 1019 1166 1064 Scaliger,
1205 1019 1348 1065 χῶσπερ
1385 1019 1453 1056 οὐκ
1481 1021 1527 1056 ἐῶ
1554 1022 1610 1057 vel
1636 1022 1760 1067 potius

188 1070 308 1115 ὥσπερ
344 1072 388 1116 μ’
422 1071 514 1115 ὁρᾶν
553 1070 711 1107 πίνοντα
737 1072 881 1118 χῶσπερ
909 1073 976 1108 οὐκ
1003 1072 1058 1108 ἔνι
1085 1073 1276 1116 Wieseler,
1302 1073 1446 1119 χῶσπερ
1473 1075 1515 1110 οὐ
1542 1081 1640 1122 καμῇ
1667 1075 1762 1111 Goes

249 1129 317 1160 565
345 1126 453 1176 δρᾷς;
491 1129 552 1161 ΣΙ.
582 1126 629 1166 ὡς
664 1124 781 1171 ἡδέως
817 1126 962 1161 Ritsehl
985 1129 989 1171 Ι
1013 1127 1193 1172 ἠμύστικα
1229 1127 1317 1162 olim
1353 1127 1515 1163 Dindorf
1544 1128 1549 1175 Ι
1577 1129 1662 1173 post
1693 1132 1760 1164 565

191 1178 362 1213 lacunam
406 1179 540 1214 statuit
578 1179 775 1215 Kirchhoff
871 1184 938 1215 566
966 1181 1088 1226 λαβών
1110 1209 1116 1215 .
1140 1209 1145 1215 .
1169 1209 1175 1215 .
1198 1179 1367 1226 οἰνοχόος
1404 1182 1446 1217 σύ
1473 1194 1534 1226 μοι
1560 1181 1761 1225 Hermann,

190 1233 312 1278 λαβὼν
351 1231 432 1275 ξέν’
460 1231 559 1273 οὗτις
598 1231 767 1278 οἰνοχόος
805 1232 845 1278 γέ
882 1247 944 1279 μοι
981 1240 1090 1279 γενοῦ
1118 1234 1159 1269 V.
1181 1234 1340 1269 Hintner
1437 1238 1503 1269 567
1531 1234 1624 1282 χερί]
1653 1234 1762 1280 φρενί

189 1286 412 1321 Hei-werden
510 1290 578 1322 568
605 1286 728 1331 ἐγχεῶ,
756 1285 840 1332 σίγα
874 1287 1037 1332 Blaydes

249 1350 315 1380 571
345 1348 594 1381 συνεκθανεῐν
634 1351 793 1391 σιγῶντα
833 1347 1010 1392 Scaliger,
1050 1349 1298 1382 συνεκθανεῖν
1338 1347 1377 1382 δὲ
1417 1346 1576 1384 συνόντα
1614 1348 1761 1392 Reiske,

189 1399 293 1443 σύθ’,
325 1399 504 1435 ἐνθανεῖν
537 1399 578 1435 δὲ
611 1405 760 1435 σπῶντα
795 1400 991 1446 Musgrave
1014 1403 1018 1445 Ι
1043 1402 1310 1445 συνεκδραμεῖν
1346 1401 1496 1447 Madvig
1594 1405 1661 1437 573
1689 1400 1760 1437 κᾶν

188 1453 260 1498 μὴν
288 1453 485 1488 Kirchhoff
552 1457 620 1488 574
641 1454 748 1499 βαλεῖ
766 1455 802 1489 σ’
823 1454 890 1489 Gu.
914 1454 1078 1498 Schmid,
1105 1460 1211 1489 πεσεῐ
1233 1454 1393 1499 Blaydes
1463 1459 1530 1491 575
1557 1454 1603 1500 ἣν
1630 1456 1669 1491 δ’
1695 1453 1762 1491 οὖν

189 1505 296 1554 λίπῃς
322 1507 485 1552 Blaydes
584 1511 652 1542 576
680 1507 738 1542 ἰοῦ
778 1508 836 1543 ἰοῦ
872 1507 1032 1553 Blaydes
1132 1512 1199 1543 577
1227 1506 1330 1553 μόλις
1354 1508 1488 1543 Nauck
1587 1512 1655 1543 579
1680 1510 1761 1556 τοῦ]

189 1559 252 1594 καὶ
279 1560 497 1595 Heimsoeth
519 1562 524 1605 Ι
547 1558 612 1596 τὸν
638 1559 730 1601 Διὸς
756 1560 798 1597 δέ
822 1574 880 1596 τοι
905 1561 1087 1597 Wieseler

249 1623 314 1654 581
344 1620 430 1654 οὐδ’
457 1618 504 1655 αὖ
532 1620 686 1665 φιλήσω,
712 1621 769 1656 κεί
788 1621 1018 1665 Heimsoeth,
1045 1627 1122 1661 πῶς
1149 1619 1195 1656 ἂν
1216 1622 1433 1667 φιλήσαιμ’;
1461 1622 1500 1657 αἱ
1526 1622 1762 1666 Herwerden,

188 1673 252 1718 qui
279 1672 373 1707 alias
395 1673 516 1721 <αὐτὴ
545 1675 583 1708 δ’
609 1673 832 1722 Ἀφροδίτη)
860 1675 923 1720 χαὶ
945 1675 1101 1719 Χάριτες
1121 1673 1274 1719 πειρῶσί
1293 1688 1351 1720 με·
1376 1677 1380 1719 Ι
1404 1674 1471 1710 οὐκ
1499 1673 1545 1711 ἂν
1566 1674 1762 1721 φιλήσαιμ’

188 1726 304 1774 <οὐδὲ
333 1726 700 1775 συγκατακείσομαι)
729 1729 884 1771 conicit,
911 1729 979 1763 οὐκ
1007 1727 1053 1763 ἂν
1080 1728 1310 1774 φρονήσαιμ’
1336 1729 1375 1764 F.
1403 1729 1469 1764 Gn.
1498 1729 1668 1765 Schmidt

189 1784 256 1815 582
285 1780 391 1826 ἐγγὺς
417 1781 487 1826 (vel
515 1781 613 1826 ἄγχι)
641 1781 869 1827 Γανυμήδην
895 1782 934 1817 F.
957 1781 1023 1817 Gu.
1047 1782 1216 1817 Schmidt
1314 1787 1382 1818 583
1409 1781 1576 1818 καλλίον’
1602 1781 1624 1828 ἢ
1651 1783 1762 1827 Blay-

189 1834 253 1869 des
277 1837 281 1879 Ι
303 1833 441 1879 ἥδομαι
469 1836 508 1870 δ’
535 1834 604 1880 ἐγὼ
637 1835 675 1870 F.
697 1834 764 1870 Gru.
787 1835 957 1870 Schmidt
1055 1839 1122 1870 585
1149 1835 1219 1881 γὰρ
1247 1837 1289 1871 οὗ
1318 1834 1380 1877 σός
1406 1837 1479 1882 εἰμι
1505 1836 1575 1881 (vel
1601 1835 1671 1882 γὰρ
1699 1835 1762 1871 ὅδε

189 1886 251 1928 σός
278 1888 364 1932 εἰμι)
385 1888 423 1923 F.
447 1888 513 1924 Gn.
536 1889 705 1924 Schmidt
779 1892 848 1924 586
875 1889 944 1935 ἐγὼ
965 1895 1030 1925 τοῦ
1051 1889 1210 1934 Blaydes
1233 1892 1238 1935 Ι
1260 1896 1325 1925 τοῦ
1347 1890 1545 1936 Γαργάρου
1565 1889 1761 1934 Matthiae,

189 1947 253 1987 τῆς
279 1942 484 1986 Δαρδάνου
512 1943 713 1986 Hermann,
740 1948 812 1978 τῶν
840 1942 1044 1987 Δαρδάνου
1071 1943 1222 1988 Murray
1296 1947 1364 1978 588
1390 1942 1514 1990 μέμφῃ
1540 1944 1578 1988 γ’
1605 1943 1761 1989 ἐραστὴν

188 1994 310 2030 Heath
335 1997 339 2041 Ι
362 1994 581 2032 πεπτωκότα
607 1997 804 2032 Patterson
896 1999 964 2031 588
991 2008 1045 2041 sq.
1073 1997 1183 2031 choro
1209 1996 1344 2032 tribuit
1368 1997 1517 2041 Aldina,
1545 2000 1612 2032 588
1639 1997 1761 2040 choro,

191 2052 258 2083 589
287 2049 411 2084 Sileno
438 2061 566 2095 apogr.
593 2050 709 2085 Paris.
810 2054 878 2085 589
906 2047 1027 2096 οἶνον]
1054 2049 1174 2085 ὕπνον
1201 2050 1351 2094 Aldina,
1379 2050 1491 2096 ὄγκον
1518 2050 1714 2096 Musgrave

250 2112 316 2143 591
345 2115 393 2156 τῷ
421 2110 475 2156 δ’]
504 2109 603 2145 ὥσθ’
629 2111 830 2153 Hermann,
859 2109 947 2146 ἔνθ’
974 2109 1159 2155 Hartung,
1187 2106 1257 2145 ὧδ’
1283 2110 1340 2145 vel
1365 2110 1451 2156 τῇδ’
1478 2110 1638 2154 Blaydes
1661 2111 1665 2155 Ι
1688 2107 1761 2146 ὑπὸ

190 2162 229 2196 δ’
244 2161 365 2197 ὕπνου
386 2163 568 2198 Wieseler
642 2168 710 2198 592
732 2164 856 2207 ἐξώσει
875 2163 933 2198 vel
954 2162 1076 2209 ἐξήσει
1094 2164 1152 2199 vel
1167 2163 1287 2208 ἐξεμεῖ
1297 2163 1458 2208 Blaydes
1529 2166 1597 2198 593
1618 2162 1761 2198 ἔσωθεν

190 2214 362 2261 ὀμμάτων
397 2215 477 2261 ἥσει
512 2217 674 2262 Blaydes
698 2220 701 2262 Ι
726 2217 798 2259 ὄζει
833 2223 980 2252 καπνοῦ
1007 2217 1205 2260 Wieseler,
1232 2217 1490 2261 καπνούμενος
1515 2217 1667 2261 Murray

190 2273 257 2303 593
286 2281 338 2313 sq.
367 2270 479 2305 ὠθῶν
515 2268 661 2306 καπνὸν
699 2269 1016 2315 παρηυτρέπισται
1047 2270 1182 2305 κούδὲν
1209 2269 1380 2314 ἐμποδὼν
1406 2275 1549 2313 πυροῦν
1576 2269 1667 2304 ΚῙέιΙ

190 2326 258 2357 594
284 2329 360 2358 πᾶν
388 2322 574 2367 εὐτρεπές·
603 2326 661 2358 δεῖ
687 2325 725 2359 δ’
753 2323 863 2359 οὐδὲν
889 2324 1041 2366 Nauck,
1077 2321 1381 2367 παρευτρεπιστέ’
1409 2322 1519 2358 οὐδὲν
1545 2323 1726 2358 Wieseler
1756 2324 1758 2369 Ι

191 2377 246 2423 δ’]
273 2377 309 2411 τ’
336 2377 378 2411 R.
404 2377 550 2412 Schenk
649 2381 716 2412 596
743 2376 799 2424 τὸ]
833 2391 869 2412 τε
897 2377 1057 2421 Blaydes
1156 2380 1223 2411 598
1251 2376 1448 2422 ἀπάλαμον
1474 2376 1665 2421 Hoepfner
1686 2378 1691 2422 Ι
1713 2376 1762 2417 ὡς

192 2430 249 2465 σοὶ
275 2428 460 2465 τάνθένδ’
487 2430 585 2465 ἐστὶν
612 2431 760 2474 Aldina,
786 2431 886 2465 unde
912 2431 960 2471 ὡς
984 2429 1169 2466 τάνθένδε
1197 2429 1344 2465 σούστὶν
1371 2429 1561 2465 Hermann

251 2493 318 2524 604
346 2492 410 2525 aut
437 2489 638 2531 Ὀδυσσέως
676 2492 742 2525 aut
779 2491 918 2531 ναύτας
954 2504 990 2525 τε
1028 2488 1167 2526 καύτὸν
1207 2487 1406 2534 ἀπολέσητ’
1443 2487 1618 2525 Ὀδυσσέα
1650 2488 1761 2535 Beck,

190 2542 309 2588 αὐτήν
329 2557 365 2578 τε
387 2550 481 2579 ναῦν
503 2545 568 2579 σύν
588 2545 625 2579 τ’
647 2542 845 2589 ἀπολέσητ’
866 2542 1042 2580 Ὀδυσσέα
1062 2543 1177 2588 Paley
1200 2545 1205 2589 Ι
1227 2540 1342 2578 αὐτόν
1362 2544 1409 2578 θ’
1430 2541 1599 2586 ἑταίρους
1617 2543 1648 2577 τ’
1668 2543 1761 2578 ἀπο-

191 2596 313 2642 λέσητ’
340 2598 504 2633 Mancini
529 2614 532 2641 l
557 2597 759 2643 ἀπελάσητ’
786 2598 967 2632 Wieseler
1042 2601 1108 2632 605
1135 2598 1204 2633 ὑπ’
1230 2596 1384 2643 ἀνδρός]
1411 2594 1484 2632 ὑπὸ
1510 2595 1631 2640 θηρός
1656 2596 1760 2631 Man-

192 2651 267 2686 cini
289 2654 293 2695 Ι
317 2654 419 2686 θεῶν
455 2652 498 2686 οὐ
534 2649 644 2686 πλέον
678 2652 819 2697 βροτῶν
848 2650 1027 2687 Wieseler
1048 2653 1053 2696 Ι
1076 2650 1187 2686 οὐδὲν
1214 2651 1300 2685 οὐδ’
1327 2651 1475 2694 ἀνδρῶν
1503 2649 1664 2694 Blaydes

192 2707 259 2739 606
287 2705 330 2739 οὐ
366 2704 432 2750 τὴν
464 2705 601 2740 Reiske
700 2708 767 2739 608
793 2704 950 2750 λήψεται
977 2704 1080 2752 <δὴ>
1117 2702 1194 2748 τόν,
1232 2716 1262 2738 v.
1285 2707 1482 2739 608—611
1505 2720 1539 2732 =
1560 2706 1759 2738 612—616

192 2756 468 2804 (εὐτρεπίζεται
495 2758 593 2805 γὰρ)
623 2758 691 2805 ἤδη
714 2787 720 2793 .
744 2787 750 2793 .
774 2787 781 2794 .
802 2758 947 2803 Μάρων
974 2760 1158 2801 statuens,
1185 2757 1357 2802 Hartung

253 2827 320 2858 616
348 2823 508 2871 ΙΙῙάρων]
544 2830 763 2869 μαρμαροῦν
799 2825 922 2860 Christ
943 2826 948 2869 Ι
971 2822 1176 2870 πρασσέτω]
1213 2823 1377 2869 πρήσων,
1413 2824 1581 2858 statuens
1607 2821 1759 2867 πρήσων

192 2877 414 2922 μαινόμενος
437 2906 442 2912 .
466 2907 472 2913 .
498 2907 504 2913 .
525 2884 648 2918 κακῶς
667 2896 701 2908 =
721 2879 822 2924 κάγὼ
848 2876 913 2914 τὸν
947 2877 1071 2922 φίλιον
1106 2877 1333 2922 κισσοφόρον
1356 2905 1362 2911 .
1385 2905 1391 2912 .
1415 2904 1421 2911 .
1442 2873 1553 2920 θέλω,
1587 2874 1760 2920 Hartung
