1929 3208
867 165 951 198 ῙΩΝ
1620 161 1638 202 1
1650 164 1669 201 1

357 273 431 314 ὅδε
462 273 572 327 πρὸς
602 271 799 328 θυμέλας
831 273 962 322 ἄλλος
994 269 1162 327 ἐρέσσει

359 344 534 394 κύκνος·
567 344 648 386 οὐκ
679 345 790 400 ἄλλα

356 417 656 469 φοινικοβαφῆ
688 416 803 457 πόδα
834 416 1045 469 κινήσεις;

356 485 490 527 οὐδέν
522 484 563 527 σ’
600 486 627 528 ἁ
657 486 848 542 φόρμιγξ
880 485 907 527 ἁ
943 487 1113 539 Φοίβου

357 557 611 612 σύμμολπος
642 557 780 608 τόξων
813 552 982 611 ῥύσαιτ’
1019 557 1093 597 ἄν·
1606 566 1671 596 165

353 628 522 682 πάραγε
553 626 783 682 πτέρυγας,

356 701 511 753 λίμνας
543 698 670 752 ἐπίβα
701 704 777 747 τᾶς
810 697 1051 752 Δηλιάδος·

357 770 563 825 αἱμάξεις,
596 770 635 811 εἰ
665 770 722 824 μὴ
755 771 898 825 πείσῃ,

353 842 430 891 τὰς
459 842 822 895 καλλιφθόγγους
853 837 979 898 ᾠδάς.

354 914 403 954 ἔα
435 913 501 954 ἔα·
1605 922 1672 952 170

354 985 418 1033 τίς
450 982 516 1025 ὅδ’
555 983 754 1037 ὀρνίθων
784 982 934 1032 καινὸς
965 980 1180 1036 προσέβα;

356 1061 450 1109 μῶν
481 1054 567 1097 ὑπὸ
599 1055 815 1108 θριγκοὺς
846 1052 1024 1102 εὐναίας

355 1126 586 1181 καρφύρας
616 1127 774 1180 θήσων
804 1124 992 1175 τέκνοις;

353 1198 522 1252 ψαλμοί
550 1195 589 1238 σ’
626 1196 847 1251 εἴρξουσιν
879 1195 1028 1246 τόξων.

356 1268 409 1309 οὐ
441 1269 589 1323 πείσῃ;
621 1275 777 1322 χωρῶν
810 1268 934 1316 δίνας

353 1339 428 1388 τὰς
456 1335 660 1393 Ἀλφειοῦ
692 1338 951 1393 παιδούργει
1603 1349 1668 1378 175

355 1409 380 1463 ἢ
414 1409 550 1459 νάπος
570 1408 793 1463 Ἴσθμιον,

354 1480 412 1530 ὡς
444 1479 706 1534 ἀναθήματα
738 1480 796 1535 μὴ
828 1480 1068 1534 βλάπτηται

352 1553 458 1594 ναοί
485 1548 532 1593 θ’
569 1552 613 1594 oc
645 1553 827 1606 Φοίβου.

352 1625 539 1665 κτείνειν
572 1621 610 1665 δ’
648 1623 761 1677 ὑμᾶς
792 1623 1000 1677 αἰδοῦμαι

352 1695 455 1744 τοὺς
485 1698 607 1735 θεῶν
640 1693 932 1748 ἀγγέλλοντας
964 1694 1112 1749 φάμας
1602 1704 1668 1734 180

351 1768 552 1814 θνατοῖς·
585 1759 650 1814 οἷς
683 1762 723 1806 δ’
761 1766 955 1819 ἔγκειμαι
987 1766 1188 1819 μόχθοις,

355 1838 506 1892 Φοίβῳ
540 1836 754 1889 δουλεύω,
787 1835 868 1877 κού
901 1835 1015 1890 λήξω

351 1908 454 1956 τοὺς
486 1908 727 1960 βόσκοντας
757 1907 1032 1962 θεραπεύων.

818 2025 990 2058 ΧΟΡΟΣ.

138 2097 312 2138 ΗΜΙΧ.
353 2096 433 2138 οὐκ
465 2096 512 2139 ἐν
543 2104 638 2146 ταῖς
671 2096 846 2148 ζαθέαις
874 2093 1000 2138 Ἀθά-
1445 2096 1606 2151 stroph.

351 2183 448 2216 ναις
480 2167 676 2217 εὐκίονες
706 2163 821 2221 ἦσαν
853 2167 928 2208 αὐ-
1600 2179 1666 2209 185

235 2275 299 2306 161
339 2272 432 2315 πρὸς
467 2269 648 2318 θυμέλας]
687 2271 838 2314 Cant-er,
877 2271 947 2315 πρὸ
985 2272 1150 2316 θυμέλας
1181 2274 1233 2317 L,
1272 2271 1509 2317 προθυμέλας
1541 2273 1577 2306 Ρ

140 2327 204 2358 162
244 2324 394 2371 κύκνος]
433 2325 637 2368 Victorius,
677 2324 739 2359 cfr.
774 2325 934 2360 Demetr.
967 2325 990 2359 l.
1026 2325 1074 2360 ad
1107 2338 1137 2360 V.
1167 2326 1302 2369 1571,
1341 2326 1472 2366 κύκλος
1497 2326 1576 2361 LP

140 2381 205 2412 163
232 2379 505 2425 φοινικοβαφῆ]
532 2378 675 2422 Nauck,
702 2384 933 2423 φοινικοφαῆ
954 2380 1033 2413 LP
1112 2383 1179 2414 165
1206 2377 1348 2424 ῥύσαιτ’
1380 2379 1426 2414 ἄν
1454 2380 1516 2422 ΡΖ,
1543 2377 1661 2423 ῥ’ύσετ’

138 2430 186 2466 ἄν
211 2431 245 2466 L
320 2435 386 2466 166
413 2431 572 2478 πάραγε]
600 2431 778 2476 Scaliger,
803 2431 905 2474 παρά
930 2445 968 2466 τε
993 2433 1073 2468 LP
1144 2436 1211 2467 168
1238 2432 1380 2477 αἱμάξω
1407 2431 1439 2467 σ’
1470 2433 1666 2478 Musgrave

234 2488 299 2519 169
326 2483 440 2531 ᾠδάς]
467 2484 594 2528 δειράς
619 2484 771 2520 ΚνίὸἃΙῑι
852 2488 918 2519 172
945 2485 1028 2520 fort.
1057 2484 1230 2526 εὐναίους
1313 2491 1444 2530 1733ε1,
1472 2485 1666 2530 καρφυρὰς

138 2547 181 2571 ex
201 2537 286 2571 Hes.
307 2536 511 2581 καρφυραί·
539 2537 578 2572 αἱ
606 2537 644 2572 ἐκ
670 2544 742 2573 τῶν
768 2538 888 2582 ξηρῶν
914 2538 1030 2580 ξύλων
1056 2537 1245 2584 γινόμεναι
1280 2545 1412 2574 κοῖται.
1459 2537 1666 2582 Εὐριπίδης

132 2586 230 2624 Ἴωνι
263 2589 491 2635 wesseling,
532 2590 728 2634 καρφηρὰς
758 2591 837 2625 LP
862 2592 866 2635 Ι
893 2590 1040 2638 θήσων]
1078 2592 1161 2627 fort.
1201 2591 1322 2635 νήσων
1350 2594 1354 2637 Ι
1383 2591 1539 2635 εἴρξουσι
1578 2592 1665 2635 LP,

138 2641 320 2685 εἴρξουσιν
347 2643 359 2676 l
481 2647 547 2678 174
562 2655 614 2686 sq.
655 2641 763 2683 δίνας
793 2643 874 2689 τὰς]
906 2644 1092 2688 Badham‚
1131 2644 1254 2685 δίναις
1285 2645 1338 2689 (ἐν
1374 2643 1498 2684 δίναις
1529 2645 1554 2689 l)
1585 2651 1666 2685 ταῖς

138 2695 246 2739 LP!
276 2695 318 2729 οὐ
353 2694 459 2742 πείσῃ
491 2702 619 2741 χωρῶν
646 2723 652 2729 .
682 2725 687 2729 .
715 2697 974 2742 παιδουργεῖν;
1013 2697 1113 2733 idem
1236 2701 1303 2731 178
1341 2696 1455 2742 βωμοί
1494 2709 1531 2731 τε
1570 2700 1664 2732 θεοῦ

138 2747 371 2792 Heimsoeffl,
404 2749 487 2783 folss.
522 2755 626 2789 ναοῖς
656 2754 733 2788 τοῖς
757 2751 851 2783 θεοῦ
956 2754 1023 2785 180
1057 2750 1198 2797 φάμας]
1232 2750 1404 2794 Dindorf,
1438 2750 1564 2795 φήμας
1588 2751 1668 2785 LI’

236 2805 300 2835 182
322 2801 499 2848 δουλεύω]
520 2801 662 2846 scripsi,
688 2801 872 2836 δουλεύσω
892 2803 977 2847 LP,
1003 2804 1086 2839 fort.
1107 2803 1268 2847 λατρεύω
1344 2807 1529 2838 184—218
1549 2804 1664 2839 hemi—

141 2853 275 2888 choriis
306 2854 440 2888 tribuit
465 2854 663 2900 Musgrave
695 2854 740 2899 (is
772 2866 867 2898 quae
894 2855 1004 2891 choro
1031 2856 1234 2901 reliquerat
1261 2860 1410 2899 184—9,
1436 2856 1663 2892 hemichorio

140 2905 245 2940 dedit
269 2906 306 2940 L.
334 2906 505 2952 Dindorf)
604 2912 670 2942 184
697 2908 777 2942 fort.
805 2906 956 2950 ζαθέοις
