1929 3208
745 145 984 178 APPENDIX
1575 141 1630 182 75

107 250 249 294 Nauck,
275 250 393 285 ἀκτὰν
420 251 561 286 Mekler
706 254 773 285 988
799 251 1088 294 ὑπεκδραμεῖται
1115 249 1253 283 Porson
1294 250 1299 292 Ι
1341 246 1537 294 <ἀθλίαν>
1564 248 1630 292 οὐχ

106 303 394 349 ὑπεκδραμεῑται
425 303 539 348 Paley
579 305 584 349 Ι
625 306 816 348 δραμοῦσα
852 303 1000 348 supplet
1031 301 1327 345 Rauchenstein,
1371 307 1498 347 ταχεῖα
1520 300 1630 345 Weil,

106 355 262 392 τάλαινα
288 356 424 402 Wolfg.
452 358 584 400 Bauer,
611 357 804 392 σκοτεινάν
830 356 981 401 Mekler‚
1008 355 1202 401 πάναγρον
1229 355 1317 390 olim
1345 355 1531 390 addebam

201 413 268 445 995
295 410 451 446 δύστανε
478 409 619 455 μοίρας,
646 409 733 446 ’ὅσον
758 411 946 445 Hermann
1065 413 1132 444 996
1158 406 1424 454 μεταστένομεν
1450 407 1631 452 Badham,

106 461 198 509 μέγα
225 461 396 508 στένομαι
421 464 645 499 Herwerden
679 465 684 510 Ι
718 461 797 508 μέγ’
828 461 875 497 αὖ
902 461 1074 507 στένομαι
1100 462 1184 497 τεὸν
1210 461 1320 508 ἄλγος
1346 461 1585 496 Halbertsma

107 519 175 551 999
200 514 311 552 τέκνα
329 516 478 561 Aldina,
509 516 554 552 σὰ
581 515 691 552 τέκνα
705 516 864 560 Brunck,
891 515 936 551 τὰ
955 515 1061 551 τέκεα
1081 518 1134 560 (et
1154 519 1220 550 993
1242 513 1430 560 ὀλέθριον)
1444 515 1633 549 Hermann

203 574 292 604 1009
319 570 449 617 τύχην]
476 570 627 616 (στυγνὰ
654 570 802 615 ΙίθὶΒΙω)

203 627 292 658 1013
319 623 432 667 πολλή
459 622 493 669 γ’
517 623 751 659 Valckenaer
778 625 782 667 Ι
810 623 942 669 ταῦταΙ
969 628 1051 658 τοῖα
1069 621 1168 657 Weil
1272 624 1362 656 1015
1388 627 1534 665 κρατεῖς
1558 620 1632 667 τοι]

108 675 247 722 κατάξῃ
274 676 470 722 Musgrave
944 670 947 671 ⁷

204 734 293 765 1026
325 731 413 774 πρὶν
449 729 579 773 λέκτρα
617 735 661 775 τῇ
692 730 841 775 γυναικὶ
870 729 1054 773 Badham,
1104 730 1193 773 πρὶν
1224 727 1354 772 λέκτρα
1387 726 1564 763 καλλῦναί
1597 740 1633 762 τε

107 782 257 828 Kaibel,
301 784 389 826 πρὶν
420 781 549 826 λέκτρα
581 781 748 825 συζεῦξαί
783 795 820 818 τε
846 782 941 817 Weil
976 785 980 827 Ι
1015 783 1190 829 γυναῖκα]
1230 787 1392 826 νυμφεῖα
1425 781 1482 816 Er.
1503 780 1587 822 Keil

110 839 198 871 1026
214 848 267 880 sq.
295 838 361 871 aut
384 836 519 880 λουτρὰ
544 847 610 882 pro
636 834 766 880 λέκτρα
793 838 859 871 aut
883 833 1022 875 θυσίας
1044 846 1111 880 pro
1138 833 1249 875 εὐνάς
1274 833 1431 878 requirit
1450 833 1548 868 Weil

204 893 294 924 1026
311 901 364 933 sq.
392 888 492 930 ἐλπὶς
518 892 666 935 γλυκεῖα
691 888 823 924 Nauck
855 890 859 935 Ι
892 889 1045 934 φροντὶς
1071 891 1175 935 σφῷν
1201 885 1486 935 ἀπεστερημένῃ,
1512 887 1634 921 deleto

107 953 216 976 versu
246 942 431 988 proximo,
457 942 627 987 Kvicala‚
660 942 760 987 quod
791 942 823 977 si
854 942 1048 988 probetur,
1083 943 1195 976 antea
1227 939 1330 976 ὄλωλ’
1367 940 1448 985 ἐμοὶ
1479 940 1636 985 requirit

108 994 289 1031 Barthold
388 1000 477 1031 1037
503 996 659 1043 λυπρὸν]
686 997 769 1031 fort.
796 996 930 1042 λυγρὸν

205 1053 294 1084 1045
321 1049 445 1097 ἐμούς]
478 1049 569 1095 ὁμοῦ
596 1050 634 1085 F.
657 1049 723 1084 Gu.
747 1049 915 1084 Schmidt
1037 1052 1127 1084 1046
1153 1050 1269 1083 τῶνδε
1296 1046 1481 1092 φιλτάτων
1507 1053 1636 1088 κακοῖς

109 1102 261 1139 Kvicala
283 1104 287 1148 Ι
309 1103 464 1150 τούτων]
491 1102 629 1140 τέκνων
654 1103 696 1139 R.
717 1103 825 1138 Prinz
926 1106 1015 1137 1048
1043 1102 1144 1138 delet
1167 1101 1322 1137 Kvicala

205 1166 294 1197 1052
327 1162 513 1206 προέσθαι
550 1163 680 1198 τούσδε
718 1163 935 1207 μαλθακοὺς
969 1160 1100 1208 λόγους
1124 1161 1300 1204 Dindorf,
1338 1159 1523 1205 προέσθαι
1549 1162 1635 1204 μαλ-

107 1217 232 1261 θακῆς
255 1214 386 1262 λόγους
410 1214 546 1261 φρενός
565 1216 676 1260 Weil,
701 1214 908 1260 προέσθαι.
926 1214 1078 1261 ,λόγους
1103 1213 1194 1250 ποτέ
1212 1214 1373 1259 Blaydes
1450 1218 1541 1249 1055
1569 1215 1635 1248 ἀν-

108 1275 181 1304 τῶν
215 1268 286 1314 (vel
321 1270 441 1314 μολὼν
476 1269 533 1304 vel
568 1268 682 1315 ἥκων)
717 1282 759 1314 με
791 1268 906 1313 λήσει·
943 1275 1076 1313 πεῖραν
1107 1268 1179 1313 (vel
1211 1267 1358 1313 καιρὸν)
1383 1268 1427 1302 οὐ
1453 1266 1589 1303 Reiske

111 1325 200 1356 1056
226 1321 324 1367 θυμὲ
349 1321 459 1367 θυμέ,
485 1323 533 1368 μὴ
560 1322 695 1370 ἐργάσῃ
721 1322 809 1358 τάδε
837 1322 969 1357 Nauck
992 1324 996 1367 Ι
1019 1322 1065 1367 μὴ
1094 1322 1137 1356 σύ
1163 1319 1200 1366 μ’
1224 1320 1371 1356 Verrall
1464 1324 1554 1355 1058
1581 1321 1637 1355 κεί

110 1375 157 1420 μὴ
190 1374 277 1419 μεθ’
314 1375 426 1420 ἡμῶν,
460 1378 590 1419 ζῶντες
614 1376 819 1421 Hermann,
860 1376 935 1411 ἐκεῖ
960 1374 1033 1421 ὃιχ’
1063 1375 1168 1420 ἡμῶν
1193 1376 1323 1417 ζῶντες
1348 1373 1635 1418 Rauchenstein,

112 1425 131 1472 ἦ
159 1429 243 1463 καὶ.
260 1441 343 1473 .με;
370 1428 470 1473 olim,
497 1428 672 1474 ἐλεώμεθ’
706 1429 822 1474 ἡμῶν
850 1432 979 1472 ζῶντες
1004 1440 1102 1464 nunc
1120 1428 1232 1473 Weil,
1258 1428 1290 1462 εἰ
1316 1428 1382 1462 κού
1410 1426 1496 1472 μεθ’
1522 1427 1636 1472 ἡμῶι,

111 1484 240 1524 ζῶντες
259 1482 422 1527 Verrall,
465 1479 485 1528 ἦ
519 1484 582 1518 καὶ
613 1482 690 1528 μετ’
726 1483 872 1528 ἐχθρῶν
905 1484 1034 1526 ζῶντες
1053 1481 1184 1517 Vitelli
1218 1484 1222 1527 Ι
1257 1492 1402 1516 versum
1433 1482 1519 1526 post
1546 1484 1636 1515 1048

110 1535 321 1581 transponit
346 1536 476 1580 Bothe,
502 1539 588 1582 post
615 1541 704 1571 1045
732 1536 915 1582 Hartung,
942 1535 1042 1571 delet
1067 1535 1223 1571 Kvicala

207 1599 298 1629 1064
325 1597 390 1630 aut
414 1598 499 1641 post
527 1600 616 1631 1066
643 1596 856 1642 ponendum
883 1597 949 1630 aut
975 1594 1174 1630 delendum
1201 1596 1326 1630 censet
1351 1593 1507 1629 Kvicala

208 1658 297 1689 1071
325 1653 502 1699 φίλτατόν
527 1668 565 1690 τε
592 1655 691 1690 Beck
838 1658 928 1689 1076
956 1652 1096 1700 οὐκέτ’]
1124 1655 1167 1689 οὐ
1194 1653 1264 1699 γὰρ
1290 1653 1439 1696 Nauck,
1467 1653 1509 1687 οὐ
1536 1651 1634 1687 τέκν’

111 1707 254 1742 Mekler
275 1708 280 1753 Ι
304 1706 426 1743 οὐκέτ’
457 1709 530 1753 εἰμὶ
556 1708 625 1754 γὰρ
652 1706 800 1755 βλέπειν
826 1710 877 1752 (et
905 1711 993 1742 1077
1022 1706 1083 1742 οἵα
1109 1705 1141 1741 τ’
1173 1706 1209 1747 ἐς
1234 1707 1341 1751 ὑμᾶς)
1361 1705 1515 1741 Kvicala
1537 1709 1541 1750 Ι
1565 1704 1638 1749 εἰμι’

112 1773 189 1801 πως
213 1760 361 1807 βλέπειν
380 1761 563 1796 Wieseler
718 1765 807 1796 1076
823 1773 876 1805 sq.
904 1759 1024 1796 οὐκέτ’
1056 1761 1128 1804 εἰμὶ
1155 1758 1397 1806 προσβλέπειν
1424 1758 1485 1794 οἵα
1510 1757 1542 1793 τ’
1574 1757 1634 1793 ἔθ’

111 1815 206 1858 ὑμᾶς
234 1813 375 1848 Verrall
492 1818 580 1849 1077
609 1814 671 1849 οἵα
697 1814 789 1858 πρὸς
814 1814 910 1860 ἡμᾶς
935 1813 979 1848 cl.
1007 1813 1141 1849 Christ.
1168 1816 1244 1859 pat.
1267 1817 1334 1847 875
1362 1814 1399 1847 et
1428 1816 1516 1847 1611
1546 1813 1636 1847 Len-

111 1866 210 1913 ting,
261 1866 322 1902 οΐα
360 1867 393 1902 τ’
436 1866 497 1903 ἔθ’
534 1869 628 1912 ὑμᾶς
660 1867 808 1912 Nauck,
859 1867 1031 1908 ἄνοικτος
1062 1867 1133 1911 (vel
1165 1867 1327 1912 εὔψυχος
1364 1865 1421 1901 vel
1453 1865 1638 1910 εὔτολμος)

113 1921 206 1965 ὑμᾶς
233 1921 499 1957 Stadtmueller
607 1926 696 1956 1079
723 1928 795 1956 τῶν
823 1921 934 1967 ἐμῶν]
959 1927 1032 1956 τῶν
1058 1923 1180 1955 καλῶν
1206 1919 1263 1955 vel
1290 1917 1492 1963 σωφρόνων
1514 1918 1638 1953 Stadt-

112 1973 283 2018 mueller,
321 1981 393 2010 τῶν
426 1974 520 2010 νέων
552 1975 608 2010 vel
639 1974 788 2022 λῳόνων
814 1974 852 2009 F.
875 1974 941 2009 Gn.
969 1974 1154 2018 Schmidt,
1193 1973 1352 2019 ἐγγενῶν
1384 1972 1440 2008 vel
1467 1972 1639 2017 ἐμφύτων

112 2026 273 2062 Holzner
293 2030 298 2074 Ι
321 2028 595 2075 βουλευμάτων]
623 2027 873 2073 φρονημάτων
900 2028 955 2062 vel
982 2027 1216 2073 μαθημάτων
1242 2026 1408 2070 Koechly

210 2091 300 2121 1084
326 2109 370 2113 --
391 2088 424 2122 εἰ
449 2088 516 2134 χρὴ
544 2087 675 2133 γενεὰν
699 2090 822 2133 θῆλυν
843 2109 885 2113 -
908 2087 1058 2132 ἐρεύνης
1083 2087 1212 2122 Arnim
1312 2089 1400 2120 1087
1416 2097 1468 2129 sq.
1495 2091 1640 2128 παῦρον

113 2139 196 2175 τόδε
229 2140 275 2185 δὴ
308 2140 414 2186 γένος
446 2141 486 2177 ἐν
511 2142 725 2187 Musgrave,
757 2147 903 2184 παῦρον
935 2140 1004 2186 γὰρ
1034 2140 1080 2185 δὴ
1107 2139 1213 2186 γένος
1239 2139 1278 2174 ἐν
1304 2139 1461 2182 Porson,
1494 2144 1639 2181 παῦρον

114 2192 150 2227 δ’
186 2193 259 2228 αἰεὶ
291 2192 398 2239 γένος
429 2194 469 2230 ἐν
495 2194 667 2240 Camper,
706 2200 850 2238 παῦρον
882 2193 917 2228 δ’
948 2193 1018 2238 ἤδη
1046 2192 1151 2239 γένος
1176 2193 1215 2228 ἐν
1235 2191 1456 2235 Witzschel,
1495 2189 1640 2235 παῦρόν

114 2260 147 2281 τι
173 2245 214 2281 δὲ
241 2246 287 2292 δὴ
314 2245 418 2292 γένος
443 2247 483 2283 ἐν
508 2247 627 2293 Klotz,
654 2253 800 2291 παῦρον
826 2246 861 2282 δ’
893 2248 991 2288 εἰδὸς
1018 2245 1122 2293 γένος
1147 2246 1187 2282 ἐν
1214 2247 1298 2288 Leo,
1326 2251 1471 2288 παῦρον
1497 2243 1533 2279 δ’
1564 2244 1636 2287 ι”ὂρι

114 2300 161 2344 δὴ
187 2298 292 2345 γένος
318 2300 357 2336 ἐν
383 2301 542 2345 Mekler,
579 2307 725 2346 παῦρον
751 2299 875 2344 δέ,,τί
901 2300 967 2346 μή;
999 2299 1105 2346 γένος
1131 2300 1170 2335 ἐν
1195 2299 1358 2343 Verrall,
1397 2299 1489 2333 duos
1517 2309 1639 2333 versus

115 2353 216 2388 delet
240 2353 285 2388 N.
306 2353 451 2389 Fritsch
591 2359 681 2390 1187
698 2366 776 2399 sqq.
805 2355 966 2398 παύραις
991 2353 1044 2398 δέ,
1070 2352 1176 2399 γένος
1201 2352 1234 2388 τ’
1265 2353 1332 2388 οὐκ
1358 2350 1574 2396 ἀπόμουσον
1599 2352 1639 2386 τὸ

116 2412 303 2452 γυναικῶν
327 2407 500 2453 Hartung
598 2412 688 2443 1089
714 2408 755 2443 τὸ
781 2413 969 2454 γυναικῶν
996 2407 1097 2442 delet
1122 2406 1377 2451 Sakorraphos

212 2463 302 2495 1090
334 2459 428 2505 φήμ’
463 2460 607 2505 ἀρότων
634 2461 777 2496 Mekler
922 2464 1014 2495 1094
1046 2460 1081 2495 οἱ
1113 2458 1179 2505 μέν
1205 2458 1240 2505 γ’
1270 2458 1424 2502 Reiske,
1468 2458 1516 2498 ὡς
1541 2456 1583 2492 οῖ’
1603 2455 1636 2502 γ’

115 2513 289 2559 Hartung
396 2518 486 2549 1096
511 2513 698 2561 τυχόντες]
725 2512 892 2554 τεκόντες
917 2513 1054 2548 Reiske
1163 2516 1252 2547 1099
1280 2514 1463 2557 γλυκερῶν
1489 2510 1640 2556 βλαστή-

117 2564 210 2610 μαθ’
247 2565 320 2610 ὁρῶ
346 2566 543 2602 Kirchhoff
579 2569 583 2613 Ι
624 2567 697 2611 ὁρῶ
723 2567 879 2614 (ἐσορῶ)]
918 2567 1026 2610 ἀθρῶ
1052 2566 1203 2611 Nauck,
1242 2563 1344 2600 εἶδον
1364 2564 1479 2608 Weil,
1519 2563 1640 2607 έφορῶ

117 2619 206 2654 olim
232 2619 472 2663 coniciebam,
499 2620 599 2664 ὁράω
619 2620 764 2655 Verrall

214 2676 304 2707 1105
332 2684 385 2717 sq.
425 2672 525 2708 delet
562 2673 733 2719 Hartung
770 2673 934 2709 scribens
974 2677 1064 2708 1107
1103 2674 1167 2708 καὶ
1205 2672 1250 2716 δὴ
1289 2671 1356 2716 μὲν
1393 2671 1490 2715 ἅλις,
1528 2682 1641 2705 unum

119 2738 148 2760 V.
172 2729 261 2760 1106
288 2725 443 2760 damnat
467 2725 620 2762 Kvifzala
705 2731 794 2761 1107
822 2726 949 2773 βιότου
974 2727 1098 2762 Heath
1185 2730 1274 2760 1107
1291 2737 1344 2770 sq.
1372 2724 1485 2759 verba
1508 2727 1642 2769 poetae

117 2778 408 2824 interpolatione
442 2782 553 2814 aucta
587 2790 666 2815 esse
700 2782 810 2825 putat
835 2780 876 2814 R.
898 2780 1006 2815 Klotz
1154 2783 1243 2813 1108
1282 2777 1430 2822 σώματά
1464 2776 1508 2812 θ’
1547 2776 1642 2823 ἥβην

119 2832 266 2877 εἰσῆλθε
296 2830 434 2867 τέκνων
458 2832 599 2868 Porson
632 2834 636 2879 Ι
672 2832 807 2878 σώματ’
839 2833 874 2874 ἐς
899 2832 994 2879 ἥβην
1020 2831 1055 2868 δ’
1086 2833 1124 2867 F.
1146 2832 1212 2867 Gu.
1236 2830 1403 2866 Schmidt
1434 2831 1438 2876 Ι
1469 2829 1580 2866 τέκνα
1605 2829 1638 2865 τ’

120 2884 156 2926 ἐς
181 2884 272 2932 ἥβης
298 2884 438 2929 ἤλυθεν
463 2885 584 2931 ἀκμήν
611 2885 669 2922 vel
693 2884 826 2928 παῖδές
850 2885 893 2921 θ’
924 2885 1016 2933 ἥβης
1039 2881 1160 2931 ἦλθον
1181 2885 1217 2926 ἐς
1236 2883 1357 2930 ἀκμήν
1378 2883 1644 2920 Stadtmueller
