1929 3208
287 185 344 223 (30
919 187 1188 220 ΕΥΡΙΠΙΔΟΥ

497 292 746 335 ποιναθεῑσ’
786 292 1008 348 ἐκτήσατο,
1041 300 1124 348 γᾶν

499 364 579 406 οὐκ
613 364 808 407 ἐλθοῦσα
842 399 849 407 .
884 398 892 407 .
922 362 1054 407 Ἰλίου
1725 377 1812 407 1510

502 437 738 490 Φοιβείους
770 434 836 478 ἐπὶ
871 437 1078 491 πύργους.

932 589 1170 622 ΛΓΓΕΛΟΣ.

497 662 636 713 Ιᾶναξ,
671 661 722 702 τὰ
755 659 920 703 κάκιστ’
960 660 1008 702 ἐν
1041 661 1194 716 δόμοις
1227 661 1508 716 εὑρήκαμεν·Ι

495 732 552 781 ὡς
584 730 697 773 καίν’
737 731 902 787 ἀκούσῃ
936 728 1096 787 πήματ’
1134 732 1176 782 ἐξ
1210 731 1318 787 ἐμοῦ
1350 733 1467 786 τάχα.

285 806 456 844 ΘΕΟΚ.
498 805 543 845 τί
572 801 610 844 δ’
650 804 789 854 ἔστινς
838 805 965 845 ΑΓΓ.
997 804 1132 857 ἄλλης
1164 803 1337 846 ἐκπόνει
1369 804 1676 858 μνηστεύματα

495 874 719 926 γυναικός·
747 871 901 927 Ἑλένη
934 873 1018 927 γὰρ
1051 871 1199 928 βέβηκ’
1237 873 1317 924 ἔξω
1351 876 1528 928 χθονός.
1720 886 1809 916 1515

282 947 453 986 ΘΕΟΚ.
496 950 722 997 πτεροῖσιν
756 941 930 998 ἀρθεῐσ’
966 943 992 998 ἢ
1024 945 1280 999 πεδοστιβεῖ
1307 946 1429 996 ποδί;

285 1018 366 1057 ΑΓ
365 1019 409 1057 Γ.
497 1013 727 1064 Μενέλαος
759 1014 896 1069 αὐτὴν
930 1015 1308 1070 ἐκπεπόρθμευται
1341 1018 1520 1072 χθονός,

495 1085 543 1136 ὃς
575 1085 706 1135 αὐτὸς
738 1086 875 1128 αὑτὸν
907 1083 1047 1140 ἦλθεν
1080 1085 1305 1141 ἀγγέλλων
1336 1091 1508 1129 θανεῖν.

282 1159 454 1199 ΘΕΟΚ.
501 1154 533 1198 ὦ
570 1156 693 1198 δεινὰ
727 1156 869 1207 λέξας’
901 1158 966 1207 τίς
998 1156 1051 1199 δέ
1078 1173 1152 1199 νιν
1184 1159 1430 1212 ναυκληρία

495 1227 541 1270 ἐκ
572 1225 695 1282 τῆσδ’
734 1227 871 1281 ἀπῆρε
903 1229 1087 1282 χθονός;
1119 1229 1279 1270 ἄπιστα
1312 1229 1396 1283 γὰρ
1429 1227 1579 1282 λέγεις.
1723 1241 1814 1272 1520

281 1301 409 1340 ΑΓΓ.
498 1299 553 1352 «ἥν
585 1314 633 1353 γε
667 1298 776 1356 ξένῳ
810 1299 944 1348 δίδως
976 1299 1048 1340 σύ·
1081 1301 1185 1349 τοὺς
1217 1297 1264 1341 δὲ
1298 1301 1405 1349 σοὺς
1436 1300 1547 1354 ἔχων

497 1370 660 1419 ναύτας
692 1369 893 1424 βέβηκεν,
927 1369 985 1419 ὡς
1017 1368 1071 1411 ἂν
1105 1369 1153 1412 ἐν
1185 1372 1341 1426 βραχεῖ
1370 1370 1528 1426 μα’θῃς.

280 1443 450 1482 ΘΕΟΚ.
492 1447 602 1491 πῶς;
637 1439 804 1482 εἰδέναι
836 1441 1087 1495 πρόθυμος·
1122 1441 1175 1482 οὐ
1207 1441 1290 1494 γὰρ
1325 1441 1517 1483 ἐλπίδων

492 1514 577 1554 ἔσω
611 1509 762 1566 βέβηκ’
801 1510 855 1552 ἂν
887 1512 993 1565 μίαν
1025 1511 1324 1567 ὑπερδραμεῖν
1357 1511 1462 1567 χέρα

493 1583 709 1626 τοσούσδε
742 1583 920 1636 ναύτας,
953 1579 1015 1624 ὧν
1048 1583 1292 1637 ἀπεστάλης
1323 1585 1441 1638 μέτα.
1721 1596 1812 1627 1525

284 1656 367 1695 ΑΓ
365 1656 405 1695 Γ
403 1689 409 1695 .
498 1653 589 1696 ἐπεὶ
621 1657 811 1696 λιποῦσα
842 1654 1003 1696 τούσδε
1035 1656 1291 1709 βασιλικοὺς
1323 1656 1488 1709 δόμους

494 1726 520 1780 ἡ
553 1731 633 1767 τοῦ
665 1725 777 1775 Διὸς
807 1732 908 1775 παῖς
937 1725 1048 1780 πρὸς
1078 1725 1313 1768 θάλασσαν
1347 1726 1519 1781 ἐστάλη,

496 1793 726 1851 σοφώταθ’
763 1795 901 1851 ἁβρὸν
934 1796 1049 1837 πόδα
1080 1793 1241 1838 τιθεῖσ’
1277 1795 1482 1840 ἀνέστενε

495 1869 627 1909 πόσιν
659 1865 791 1916 πέλας
822 1868 1019 1920 παρόντα
1052 1866 1133 1908 κού
1165 1869 1421 1921 τεθνηκότα.

496 1938 554 1987 ὡς
587 1936 626 1978 δ’
664 1937 864 1992 ἤλθομεν
897 1945 988 1979 σῶν
1019 1939 1258 1992 περίβολον
1291 1940 1504 1994 νεωρίων,
1724 1951 1813 1982 1530

497 2009 727 2050 Σιδωνίαν
759 2014 873 2050 ναῦν
905 2009 1198 2064 πρωτόπλουν
1229 2011 1522 2064 καθείλκομεν

496 2082 639 2134 ζυγῶν
671 2095 716 2121 τε
749 2081 1019 2134 πεντήκοντα
1051 2078 1279 2134 κάρετμῶν
1311 2079 1445 2136 μέτρα

497 2153 699 2206 ἔχουσαν.
762 2152 896 2206 ἔργου
929 2146 970 2192 δ’
1005 2151 1137 2205 ἔργον
1170 2150 1435 2206 ἐξημείβετο·

378 2348 467 2379 1509
506 2344 737 2390 ποινηθεῖσ’]
783 2344 948 2389 Scaliger
991 2343 1217 2389 (ποιναθεῖσ’
1260 2344 1481 2390 Hermann),
1532 2344 1729 2389 πονηθεῖσ’
1765 2346 1811 2390 L,

281 2395 469 2441 πονηθήσ’
515 2397 548 2431 G
595 2398 599 2443 Ι
648 2398 734 2443 γᾶν]
773 2397 988 2441 Musgrave,
1032 2396 1100 2432 τὰν
1138 2397 1216 2432 LG
1363 2401 1453 2432 1510
1498 2398 1675 2444 ἐλθοῦσα]
1713 2398 1811 2433 Mus-

281 2461 402 2493 grave,
430 2450 616 2485 ἐλθοῦσαν
642 2450 678 2490 ἐς
703 2451 793 2493 LG,
821 2450 1005 2485 ἐλθοῦσαν
1031 2451 1060 2493 l,
1093 2449 1254 2485 ἐλθοῦσά
1279 2449 1363 2485 ποτ’
1395 2451 1525 2495 Bobhe,
1556 2451 1716 2486 ἐλθοῦσά
1743 2463 1810 2496 περ

282 2503 347 2537 Fix
449 2507 536 2537 1511
568 2502 741 2549 φοιβίονς
764 2504 796 2538 G
897 2507 986 2537 1512
1015 2503 1153 2538 delevit
1172 2503 1334 2539 Dindorf
1423 2508 1513 2539 1513
1540 2504 1646 2548 ἄναξ,
1671 2505 1810 2551 ἀκούσῃ

282 2557 414 2590 Nauck
537 2561 628 2591 1514
661 2556 840 2591 vocabulo
873 2556 983 2601 ἄλλης
1015 2559 1051 2590 et
1083 2557 1248 2591 versibus
1277 2561 1379 2600 1516,
1414 2560 1516 2601 1517,
1551 2561 1640 2592 1526
1673 2557 1811 2593 lineola

282 2610 448 2653 praefixa
468 2609 506 2642 in
521 2610 555 2643 L
631 2613 719 2643 1517
742 2608 1037 2652 ἐκπεπόρθευται
1055 2610 1098 2653 G,
1120 2609 1442 2654 ἐκπεπόρθμευται
1460 2622 1483 2656 9
1558 2614 1649 2645 1520
1669 2610 1811 2656 ἀπῆρεν

283 2664 327 2705 L,
350 2663 470 2707 ἀπῆρε
486 2663 541 2697 {G
626 2666 714 2696 1521
731 2661 791 2706 ἥδ’
815 2661 861 2706 ἣν
882 2661 971 2709 ξένῳ
986 2663 1173 2697 Hermann
1197 2665 1200 2708 Ι
1224 2662 1280 2709 δὲ]
1300 2663 1502 2707 Kirohhoff,
1522 2676 1560 2698 τε
1573 2664 1651 2699 LG
1675 2665 1679 2708 1
1702 2663 1809 2710 ἔχων]

284 2715 373 2750 ἑλὼν
399 2716 456 2750 vel
484 2716 629 2750 κτανὼν
657 2715 817 2749 Schenkl
909 2719 999 2750 1524
1027 2716 1109 2750 εἵσω
1130 2717 1207 2751 LG
1230 2718 1233 2761 Ι
1257 2714 1382 2762 βέβηκ’
1414 2715 1476 2763 ἂν]
1504 2716 1645 2761 scripsi,
1671 2715 1810 2762 βέβηκα

285 2769 363 2803 LG
464 2773 554 2802 152ss
580 2769 806 2814 βασιλικοὺς]
832 2768 1009 2811 Wunder,
1037 2770 1243 2815 βασιλείους
1262 2769 1339 2804 LG
1439 2773 1529 2804 1528
1556 2768 1739 2814 σοφώτατ’
1764 2769 1809 2813 L,

284 2819 476 2865 σοφώταθ’
503 2822 558 2855 {G
582 2823 585 2865 Ι
609 2821 691 2855 fort.
719 2820 906 2867 ἀβρότατα
930 2822 1059 2856 λευκὸν
1079 2821 1189 2856 πόδα.
1229 2822 1298 2856 Cfr.
1320 2822 1417 2857 Med.
1440 2826 1531 2857 1164
1630 2826 1720 2856 1529
1746 2823 1809 2857 καὶ

283 2875 326 2907 οὐ
352 2875 397 2915 L,
426 2875 491 2908 κού
519 2875 531 2907 l
641 2878 731 2908 1530
758 2873 960 2920 περιβόλων
990 2876 1033 2917 G,
1064 2874 1260 2921 περίβολον
1285 2888 1307 2921 9
1418 2879 1508 2909 1532
1534 2875 1617 2910 fort.
1645 2875 1775 2920 ζυγούς
1802 2875 1806 2921 Ι

284 2927 345 2960 καὶ
375 2926 532 2971 ἐρετμῶν
558 2927 602 2971 L,
630 2928 692 2961 καὶ
715 2925 871 2972 ’ρετμῶν
898 2928 951 2962 ZG
975 2929 979 2973 Ι
1002 2926 1090 2971 μέτα
1117 2929 1206 2972 LG,
1234 2926 1346 2972 μέτρα
1373 2929 1413 2974 ly
