1929 3208
231 127 286 168 42
884 126 1149 157 1=3Tv1111mn¹

442 234 618 285 Ὀρφεία
651 233 923 284 κατέγραψεν

445 309 602 356 γῆρυς,
636 302 731 343 οὐδ’
765 302 845 343 ὅσα
884 305 1047 356 Φοῖβος
1080 304 1413 357 Ἀσκληπιάδαις
1445 303 1579 346 ἔδωκε
1732 316 1799 346 970

445 392 468 424 q
481 374 652 426 ἀρμακα
685 375 957 423 πολυπόνοις
989 372 1233 427 ἀντιτεμὼν
1267 377 1506 427 βροτοῖσιν.

443 518 579 568 μόνας
613 517 653 556 δ’
687 516 779 557 οὔτ’
812 515 883 557 ἐπὶ
916 519 1092 569 βωμοὺς
1224 540 1233 552 ·
1575 518 1740 559 antistr.

443 586 565 628 ἔστιν
598 587 698 628 οὔτε
731 586 888 641 βρέτας
919 591 1029 636 θεᾶς

444 657 611 710 ἐλθεῖν,
645 659 697 699 οὐ
732 660 937 712 σφαγίων
969 659 1101 699 κλύει.
1729 670 1796 701 975

443 733 499 783 μή
532 745 619 781 μοι,
652 731 824 783 πότνια,
859 731 1017 781 μείζων

444 798 595 850 ἔλθοις
628 800 653 854 ἢ
687 802 734 842 τὸ
768 801 875 855 πρὶν
907 799 956 842 ἐν
988 802 1083 856 βίῳ.

445 871 515 913 καὶ
548 873 632 925 γὰρ
670 874 781 920 Ζεὺς
814 872 836 913 ὅ
870 888 910 913 τι
943 872 1099 929 νεύσῃ,

444 944 528 984 σὺν
562 943 633 984 σοὶ
664 949 795 984 τοῦτο
829 946 1020 999 τελευτᾷ.

446 1014 517 1055 καὶ
551 1015 628 1055 τὸν
661 1013 710 1055 ἐν
742 1014 966 1067 Χαλύβοις
999 1013 1199 1067 δαμάζεις
1232 1016 1287 1055 σὺ
1320 1016 1396 1070 βίᾳ
1429 1015 1614 1069 σίδαρον
1736 1026 1803 1057 980

444 1085 552 1126 οὐδέ
582 1101 646 1134 τις
678 1084 903 1138 ἀποτόμου
938 1086 1125 1139 λήματός
1159 1083 1279 1126 ἐστιν
1312 1085 1455 1134 αἰδώς.

444 1216 515 1257 καὶ
543 1217 582 1257 σ’
611 1215 659 1258 ἐν
686 1215 923 1271 ἀφύκτοισι
949 1223 1091 1270 χερῶν
1118 1210 1205 1257 εἷλε
1232 1217 1317 1257 θεὰ
1344 1216 1531 1269 δεσμοῖς.
1582 1216 1742 1269 stroph.

444 1289 580 1340 τόλμα
613 1288 669 1328 δ’·
704 1288 757 1329 οὐ
791 1289 874 1341 γὰρ
908 1286 1080 1337 ἀνάξεις
1112 1287 1207 1328 ποτ’
1241 1285 1427 1340 ἔνερθεν
1734 1297 1801 1328 985

444 1360 607 1400 κλαίων
640 1360 743 1408 τοὺς
776 1357 1026 1412 φθιμένους
1057 1358 1159 1400 ἄνω.

444 1430 514 1470 καὶ
547 1434 668 1472 θεῶν
702 1431 869 1472 σκότιοι
902 1431 1122 1483 φθίνουσι

443 1501 597 1550 παῖδες
629 1500 678 1543 ἐν
709 1501 902 1558 θανάτῳ.
1734 1511 1801 1541 990

445 1573 553 1625 φίλα
584 1572 664 1625 μὲν
697 1570 761 1614 ὅτ’
793 1570 849 1625 ἦν
881 1571 983 1625 μεθ’
1018 1572 1154 1625 ἡμῶν,

444 1645 552 1696 φίλα
585 1643 634 1685 δὲ
666 1643 738 1685 καὶ
769 1642 963 1685 θανοῦσ’
994 1640 1131 1696 ἔσται,

444 1714 761 1767 γενναιοτάταν
793 1713 843 1755 δὲ
873 1719 1019 1755 πασᾶν

445 1784 598 1836 ἐζεύξω
630 1786 818 1834 κλισίαις
850 1785 1030 1826 ἄκοιτιν.

444 1916 554 1970 μηδὲ
574 1923 745 1970 νεκρῶν
771 1916 828 1965 ὡς
857 1914 1092 1970 φθιμένων
1118 1921 1240 1969 χῶμα
1266 1913 1511 1968 νομιζέσθω
1545 1914 1707 1955 antistr.
1733 1924 1801 1956 995

445 1987 609 2040 τύμβος
642 1992 721 2036 σᾶς
753 1985 931 2041 ἀλόχου,
962 1990 1110 2027 θεοῖσι
1144 1985 1185 2026 δ’
1221 1985 1380 2038 ὁμοίως

444 2058 660 2111 τιμάσθω,
693 2057 824 2111 σέβας
856 2056 1071 2111 ἐμπόρων.

444 2131 518 2171 καί
547 2144 612 2178 τις
645 2129 832 2183 δοχμίαν
863 2127 1081 2170 κέλευθον
1709 2138 1799 2169 1000

444 2199 662 2253 ἐκβαίνων
694 2199 787 2241 τόδ’
819 2198 925 2252 ἐρεῖ·

291 2356 358 2386 968
386 2351 620 2397 κατέγραψεν
649 2352 777 2397 Monk]
805 2349 1017 2395 κατέγραψε
1044 2350 1130 2384 libri
1230 2353 1297 2383 970
1324 2349 1437 2384 ἔδωκε
1465 2348 1676 2395 Musgrave]
1703 2362 1798 2393 παρ-

231 2398 343 2434 έδωκε
384 2399 471 2433 libri
595 2403 662 2433 972
699 2400 886 2444 βροτοῖσιν
926 2399 1004 2444 Ρα]
1044 2398 1210 2443 βροτοῖσι
1235 2409 1254 2432 r
1375 2400 1505 2440 974sq.
1532 2395 1630 2431 ἔστιν
1657 2397 1798 2432 οὕτε-

232 2447 357 2481 ἐλθεῖν
401 2446 625 2492 Wakefield]
673 2446 797 2481 ἐλθεῖν
842 2445 924 2480 οὔτε
952 2466 995 2470 -
1022 2444 1120 2479 ἔστιν
1164 2444 1251 2479 libri
1298 2446 1301 2487 l
1349 2444 1465 2489 κλύει]
1519 2443 1603 2478 fort.
1654 2442 1752 2488 μέλει

231 2498 298 2527 978
326 2495 436 2538 νεύση
464 2494 510 2540 S]
538 2495 659 2529 νεύσει
684 2505 704 2527 ἰ·
863 2496 931 2527 980
958 2504 1010 2537 sq.
1037 2492 1231 2537 χαλύβοισι
1266 2492 1294 2526 S
1327 2491 1370 2525 οὐ
1408 2489 1472 2539 βίᾳ
1505 2492 1541 2525 Ρ
1574 2504 1629 2536 γρ.
1658 2492 1702 2526 οὐ
1733 2489 1798 2539 βίᾳ

231 2542 439 2586 ειιρετεοτ.ῐ
462 2544 466 2586 l
491 2539 644 2584 σίδαρον
659 2541 740 2586 La]
763 2539 916 2584 σίδηρον
937 2552 956 2574 r
1029 2542 1097 2574 984
1125 2540 1156 2574 σ’
1183 2538 1238 2585 ἐν]
1267 2536 1306 2573 σε’
1331 2539 1363 2583 γ’
1389 2537 1522 2573 Nauck
1546 2541 1550 2578 ί
1574 2539 1755 2582 ἀφύκτοις
1774 2538 1803 2574 S

279 2592 345 2624 985
372 2587 486 2633 τόλμα
514 2589 547 2623 δ’
574 2589 602 2623 S
637 2586 690 2631 (τό
716 2588 774 2622 vel
798 2587 844 2622 τά
871 2599 949 2631 sup.
978 2601 1002 2621 α
1040 2588 1073 2621 δ’
1100 2598 1166 2621 scr.
1195 2588 1222 2630 l,
1259 2586 1322 2620 sed
1360 2585 1464 2631 del.)]
1502 2583 1616 2630 τόλμα
1649 2585 1731 2620 τάδ’
1762 2586 1800 2620 Β

230 2635 343 2680 τόλμα
368 2634 446 2671 τόδ’
473 2648 496 2671 α
594 2639 661 2670 986
689 2633 944 2679 φθινομένους
969 2635 1006 2669 Β
1117 2637 1183 2668 989
1211 2632 1393 2679 φθίνουσι
1419 2633 1465 2679 S]
1500 2633 1736 2678 φθινύθουσι
1760 2633 1800 2668 rl

279 2688 345 2718 992
373 2684 437 2718 καὶ
465 2695 534 2718 om.
563 2697 584 2717 α
620 2685 624 2727 Ι
658 2686 834 2718 θανοῦσα
860 2683 920 2726 ΡΙ
943 2681 1041 2717 ἐστὶν
1067 2681 1095 2716 S
1128 2679 1218 2725 φίλα
1245 2679 1286 2715 δέ
1310 2694 1346 2715 τι
1372 2680 1435 2715 καὶ
1461 2682 1635 2715 θανοῦσα
1661 2679 1800 2714 Aldina.

230 2732 344 2772 (unde
380 2730 470 2775 φίλα
509 2731 542 2765 δ’
578 2730 632 2765 ἔτι
666 2730 730 2765 καὶ
765 2732 940 2764 θανοῦσα
974 2729 1077 2764 Aem.
1106 2728 1262 2772 Portus),
1299 2727 1390 2772 φίλα
1425 2727 1465 2762 δὲ
1491 2728 1652 2762 θανοῦσ’
1677 2726 1714 2766 ἐς
1740 2724 1800 2761 ἀεί

230 2779 372 2821 Nauck,
400 2777 491 2822 φίλα
518 2779 557 2813 δὲ
583 2778 742 2813 θανοῦσ’
768 2776 817 2811 ἔτ’
844 2776 946 2811 ἔσται
971 2776 1012 2810 R.
1034 2776 1155 2819 PrinZ,
1180 2776 1265 2810 forb.
1293 2773 1383 2820 φίλα
1409 2775 1448 2810 δὲ
1474 2777 1648 2810 θανοῦσα
1667 2781 1799 2817 κεῖται,

232 2826 329 2869 quod
357 2826 445 2860 olim
472 2825 605 2860 Nauck
630 2824 864 2870 proponebat
949 2827 1016 2858 993
1042 2829 1168 2858 πασᾶν
1193 2823 1239 2869 S]
1266 2828 1392 2857 πᾶσαν
1418 2834 1436 2857 r
1515 2825 1583 2856 998
1611 2820 1736 2865 ὅμοιος
1761 2821 1797 2855 Β

281 2877 369 2907 1001
399 2871 583 2918 ἐκβαίνων
610 2873 638 2908 S
674 2872 738 2907 cfr.
766 2871 949 2914 ἐκτροπάς
974 2870 1083 2905 Rhes.
1106 2874 1189 2916 881]
1218 2869 1403 2915 ἐμβαίνων
1428 2881 1447 2904 r
