1929 3208
811 143 1025 177 ΚΤΚΛῼΨ
1638 143 1694 186 27

346 253 590 302 Κύκλωπος
622 252 762 294 λιπὼν
794 251 988 306 ἐρημίαν.

346 321 416 379 ἆρ’
446 322 490 374 ἐς
521 320 695 365 τοσόνδ’
727 322 956 378 ἀφίξομαι;

783 452 1044 484 ΟΔΤΣΣΕΤΣ

347 531 493 579 σιγᾶτε
526 525 634 579 πρὸς
665 528 801 578 θεῶν,
832 528 989 578 θῆρες,
1019 523 1271 577 ἡσυχάζετε,

347 594 590 646 συνθέντες
621 596 769 649 ἄρθρα
801 595 1029 648 στόματος·
1065 594 1170 636 οὐδὲ
1202 599 1330 634 πνεῖν
1363 592 1439 647 ε’ῶ,
1630 604 1698 634 625

347 667 398 709 οὐ
433 666 788 721 σκαρδαμύσσειν
820 665 926 708 οὐδὲ
957 665 1258 720 χρέμπτεσθαί
1288 680 1405 718 τινα,

346 738 404 788 ὡς
435 738 491 792 μὴ
520 735 727 795 ’ξεγερθῇ
758 738 806 779 τὸ
838 736 988 790 κακόν,
1021 734 1104 777 ἔστ’
1139 735 1194 777 ἂν
1220 735 1410 788 ὄμματος

346 809 446 860 ὄψις
477 808 724 858 Κύκλωπος
756 806 1026 865 ἐξαμιλληθῇ
1058 807 1175 860 πυρί.

193 882 284 922 ΧΟ.
347 887 538 934 σιγῶμεν
570 877 838 933 ἐγκάψαντες
871 876 1032 931 αἰθέρα
1063 877 1263 931 γνάθοις.

193 953 284 992 ΟΔ.
347 951 424 1004 ἄγε
455 966 541 991 νυν
573 949 689 998 ὄπως
721 949 892 1001 ἅψεσθε
924 955 1002 990 τοῦ
1029 948 1167 990 δαλοῦ
1193 954 1343 1003 χεροῖν
1630 958 1698 989 630

346 1018 430 1062 ἔσω
461 1018 687 1074 μολόντες·
721 1019 936 1073 διάπυρος
968 1019 1013 1060 δ’
1038 1017 1159 1060 ἐστὶν
1191 1022 1342 1068 καλῶς.

191 1094 283 1135 ΧΟ.
346 1092 512 1134 οὐκοῦν
544 1093 599 1133 σὺ
632 1089 772 1141 τάξεις
804 1089 1010 1139 οὕστινας
1042 1090 1244 1143 πρώτους
1275 1090 1416 1144 χρεὼν

345 1163 510 1205 καυτὸν
541 1163 707 1217 μοχλὸν
740 1162 955 1215 λαβόντας
988 1160 1160 1203 ἐκκάειν
1192 1161 1240 1202 τὸ
1274 1167 1368 1215 φῶς

346 1234 612 1287 Κύκλωπος,
645 1233 702 1282 ὡς
734 1232 789 1274 ἂν
821 1239 897 1287 τῆς
928 1232 1061 1286 τύχης
1092 1232 1363 1284 κοινώμεθα;

177 1308 285 1348 ΗΜ
345 1306 468 1360 ἡμεῖς
498 1301 580 1357 μέν
612 1303 743 1357 ἐσμεν
774 1303 1046 1357 μακρότερον
1077 1304 1162 1357 πρὸ
1195 1309 1283 1344 τῶν
1315 1306 1473 1357 θυρῶν
1631 1314 1698 1345 635

347 1375 527 1426 ἑστῶτες
561 1375 700 1417 ὠθεῖν
732 1374 775 1425 ἐς
806 1376 885 1417 τὸν
917 1375 1155 1429 ὀφθαλμὸν
1187 1375 1235 1415 τὸ
1268 1380 1368 1428 πῦρ.

176 1450 284 1490 ΗΜ
346 1448 469 1502 ἡμεῖς
500 1447 548 1488 δὲ
581 1447 716 1500 χωλοί
745 1447 787 1500 γ’
818 1445 977 1499 ἀρτίως
1008 1447 1295 1499 γεγενήμεθα.

177 1522 286 1561 ΗΜ
347 1519 509 1560 ταύτὸν
541 1515 788 1560 πεπόνθατ’
819 1514 888 1572 ἆρ’
921 1516 1034 1570 ἐμοί·
1067 1518 1171 1565 τοὺς
1202 1517 1286 1570 γὰρ
1319 1513 1459 1566 πόδας

347 1589 527 1639 ἑστῶτες
560 1588 844 1643 ε’σπάσθημεν
876 1588 957 1630 οὐκ
989 1584 1073 1630 οἶδ’
1105 1586 1148 1637 ἐξ
1181 1588 1296 1629 ὅτου.

194 1663 285 1703 ΟΔ.
348 1659 528 1710 ἑστῶτες
560 1659 828 1714 ἐσπάσθητε;
891 1661 999 1700 HM.
1031 1659 1104 1700 καὶ
1136 1658 1187 1699 τά
1219 1658 1258 1712 γ’
1289 1658 1458 1711 ὄμματα
1633 1669 1701 1700 640

346 1729 464 1785 μέστ’
495 1729 616 1773 ἐστὶν
648 1731 771 1785 ἡμῶν
803 1732 955 1779 κόνεος
985 1729 1011 1784 ἦ
1044 1729 1208 1785 τέφρας
1240 1728 1397 1772 ποθέν.

195 1805 286 1845 ΟΔ.
348 1803 507 1857 ἄνδρες
537 1802 725 1857 πονηροὶ
756 1801 917 1844 κούδὲν
949 1801 1042 1843 οἵδε
1075 1802 1304 1855 σύμμαχοι.

194 1876 284 1916 ΧΟ.
348 1873 442 1928 ὁτιὴ
474 1874 523 1915 τὸ
555 1880 699 1915 νῶτον
730 1874 811 1928 τὴν
843 1872 971 1928 ῥάχιν
1002 1869 1039 1913 τ’
1068 1873 1341 1926 οἰκτείρομεν

348 1944 420 1986 καὶ
450 1946 554 1993 τοὺς
586 1944 771 1993 ὀδόντας
803 1942 1005 1996 ἐκβαλεῖν
1038 1943 1090 1984 οὐ
1124 1943 1341 1996 βούλομαι

347 2017 636 2068 τυπτόμενος,
669 2014 778 2068 αὕτη
810 2015 1007 2068 γίγνεται
1039 2015 1247 2068 πονηρίας
1633 2025 1702 2056 645

349 2084 443 2128 ἀλλ’
475 2083 558 2128 οἷδ’
590 2085 766 2142 ἐπῳδὴν
794 2084 985 2140 Ὀρφέως
1017 2084 1194 2140 ἀγαθὴν
1225 2084 1363 2138 πάνυ,

349 2157 407 2207 ὡς
439 2158 688 2210 αὐτόματον
720 2157 799 2198 τὸν
831 2157 969 2198 δαλὸν
1001 2155 1044 2205 ἐς
1075 2157 1124 2198 τὸ
1156 2158 1341 2210 κρανίον

349 2226 571 2283 στείχονθ’
602 2227 823 2282 ὑφάπτειν
854 2228 932 2269 τὸν
963 2234 1147 2280 μονῶπα
1179 2228 1314 2269 παῖδα
1347 2234 1436 2282 γῆς.

196 2360 264 2391 623
300 2356 336 2396 ἐς
366 2357 428 2392 hic
463 2357 541 2391 LP
635 2360 702 2391 626
739 2354 988 2401 χρίμπτεσθαι
1022 2356 1107 2399 LP,
1140 2354 1431 2401 χρέμπτεσθαιῖ
1527 2359 1595 2390 628
1622 2355 1704 2398 ἐξα-

136 2411 333 2455 μαλδυνθῇ
359 2409 474 2444 Cobeb
535 2413 602 2444 631
630 2409 699 2444 ἔσω
724 2409 785 2444 hic
811 2410 913 2452 LP}
937 2408 1001 2443 διὰ
1025 2407 1143 2452 πυρὸς
1167 2410 1253 2452 LP,
1281 2408 1464 2453 διάπυρος
1479 2420 1507 2453 p
1529 2410 1533 2453 Ι
1557 2408 1632 2443 ἐστὶ
1657 2409 1703 2449 L,

138 2462 213 2498 ἔστι
238 2463 274 2497 Ρ
361 2466 428 2496 633
455 2460 610 2509 καυτὸν]
638 2462 815 2508 Sca-liger,
842 2462 906 2496 καὶ
931 2459 996 2497 τὸν
1022 2463 1099 2497 LP
1183 2466 1250 2497 635
1277 2463 1384 2508 ΗΜ.]
1413 2462 1596 2505 Brodeau‚
1622 2463 1701 2497 XO.

137 2517 239 2560 LP!
261 2512 504 2561 μακρότερον]
531 2515 744 2560 Musgrave‚
780 2513 1001 2560 μακρότεροι
1027 2516 1106 2559 Lp,
1133 2514 1331 2559 μακότεροι
1357 2517 1393 2550 Ρ
1487 2518 1555 2549 636
1582 2514 1618 2554 ἐς
1643 2514 1704 2550 hic
1749 2529 1757 2539 ·

137 2569 218 2605 LP
300 2571 366 2602 637
393 2567 496 2613 χολοί
521 2569 607 2611 LP,
635 2580 725 2603 corr.
751 2569 791 2603 in
816 2567 927 2614 χωλοί
953 2570 964 2603 Z
1050 2572 1117 2603 638
1144 2569 1252 2614 ΗΜ]
1280 2568 1488 2613 Musgrave,
1517 2570 1595 2603 OA.
1618 2570 1704 2602 antae

136 2619 272 2656 ταυτόν
299 2619 446 2666 (ταυτόν
471 2634 508 2656 τε
535 2623 581 2666 Ρ)
609 2623 646 2656 et
671 2623 750 2657 XO.
779 2623 865 2656 ante
890 2622 977 2662 τοὺς
1002 2622 1104 2666 LP!
1127 2621 1188 2664 ἄρ’
1218 2623 1304 2664 LP,
1338 2617 1402 2665 ἆρ’
1429 2622 1441 2656 l
1527 2624 1594 2656 639
1625 2623 1703 2656 ΟΔ.

138 2685 284 2710 erasum
309 2675 349 2709 in
375 2676 411 2709 P
505 2678 572 2709 640
598 2675 705 2721 ΗΜ.]
734 2677 812 2710 ΧΟ.
840 2674 955 2709 habess
981 2676 1024 2717 P,
1051 2686 1122 2709 om.
1150 2676 1194 2717 L,
1222 2675 1371 2709 addidit
1397 2675 1408 2709 l
1506 2678 1572 2709 641
1600 2672 1705 2718 μέστ’

138 2727 252 2774 ἐστὶν]
279 2727 455 2772 Scaliger,
493 2725 656 2771 μέτεστιν
694 2727 796 2772 LP1
818 2727 906 2773 ἡμῖν
944 2728 1083 2762 Barnea
1107 2730 1110 2771 Ι
1134 2726 1277 2773 κόνεος]
1314 2728 1527 2772 Musgrave,
1565 2727 1705 2767 κόνεως

138 2781 219 2816 LP
313 2784 380 2815 642
407 2780 541 2823 ἄνδρες
566 2780 749 2814 Matthiae
842 2784 908 2815 645
935 2779 1076 2825 γίνεται
1102 2782 1183 2815 LP
1266 2784 1333 2815 646
1361 2777 1438 2815 οἷδ’
1466 2791 1510 2815 ex
1535 2776 1594 2815 οἶσ
1614 2779 1704 2814 fecii:

134 2844 162 2878 p
259 2837 325 2868 647
353 2832 443 2868 ὥστ’
463 2830 673 2876 αὐτόματον
709 2833 886 2878 Blaydes,
918 2834 1040 2879 magis
1070 2833 1253 2879 probatur
1282 2831 1492 2878 αὐτόματον
1519 2834 1577 2877 ὡς,
1604 2833 1703 2878 quod

138 2886 331 2931 proposuit
356 2886 579 2921 Herwerden
