1929 3208
754 136 994 171 APPENDIX
1582 129 1605 170 7
1615 130 1635 170 1

112 246 258 290 Reiske,
292 245 339 290 μὴ
365 247 467 280 θεῶν
494 244 675 288 ἐνώμοτος
693 241 868 286 Elmsley‚
898 239 950 276 ὢν
975 243 1077 276 θεῶν
1103 239 1292 283 ἀνώμοτος
1317 237 1517 280 Hermann,
1543 234 1637 270 κατὰ

111 303 212 336 θεῶν
239 300 428 344 ἀνώμοτος
448 297 644 341 Wieseler‚
681 295 771 342 μηδὲ
797 298 899 330 θεῶν
925 294 1108 338 ἐνώμοτος
1133 291 1312 335 Schenkl,
1345 291 1388 325 οὐ
1414 293 1516 325 θεῶν
1542 289 1637 324 ἀνώ-

112 366 222 398 μοτος
246 354 299 397 (et
325 356 392 386 739
419 350 586 395 πίθοιος)
607 348 856 385 Bernardakis
929 349 1015 393 post
1041 351 1106 382 737
1134 346 1306 381 lacunam
1332 343 1466 379 statuit
1485 342 1639 379 Kvicala

162 416 228 446 737
244 423 295 456 sq.
322 409 445 456 λόγοις
476 409 516 445 δὲ
549 409 704 456 συμβὰς,
739 411 841 444 θεῶν
873 408 1077 452 ἀνώμοτος,
1110 404 1232 451 φίλοις
1257 405 1419 451 <ποῖος>
1447 400 1560 449 γένοι’
1591 401 1638 436 ἄν

115 464 211 500 Weil
316 467 382 499 738
410 462 531 510 φίλος]
559 463 675 508 φηλὸς
702 461 852 505 Nauck,
891 462 1033 505 φαῦλος
1057 459 1245 502 Badham,
1285 458 1423 502 σφηλὸς
1442 455 1638 498 Wieseler‚

113 517 293 563 σφαλερὸς
317 516 534 552 Heimsoeth
561 518 599 551 et
623 513 918 558 Rauchenstein,
955 513 1063 558 ψιλὸς
1083 511 1229 547 Verrall
1264 515 1268 555 1
1303 511 1365 546 καὶ
1390 509 1436 544 τὰ
1461 507 1639 554 κηρυκεύ-

112 584 209 616 ματα
241 570 458 605 Heimsoeth
604 569 693 604 Post
726 571 792 603 738
828 567 1001 601 lacunam
1037 565 1172 600 statuit
1196 563 1390 599 Kirchhoff
1421 560 1551 608 (δέξαι’
1591 560 1639 596 ἂν

113 624 271 668 εὔφρων,
296 630 374 664 τοῖς
399 622 434 658 δ’
466 622 582 667 ἐμοῖσι
609 620 780 667 ῥήμασιν)
864 623 931 654 738
947 631 998 664 sq.
1027 618 1394 663 κάπικηρυκεύμασιν
1420 617 1542 651 αὐτῶν
1567 614 1639 659 (vel

112 677 265 722 τούτων)
284 675 416 711 πίθοιο
432 675 580 718 Reiske,
607 673 972 719 κάπικηρυκεύμασιν
992 668 1057 707 ὦκ’
1082 670 1128 707 ἂν
1148 670 1280 706 πίθοιο
1295 671 1503 714 Musgrave‚
1529 667 1639 703 κάπι-

112 730 361 775 κηρυκεύμασι
394 729 436 764 σύ
468 727 503 774 γ’
534 727 582 763 ἂν
606 726 739 762 πίθοιο
766 725 932 770 Brunck⁷
965 724 1147 760 scholium
1173 725 1240 759 οὐκ
1266 722 1313 759 ἂν
1339 723 1405 768 τὴν
1431 722 1523 765 πρὸς
1549 719 1640 756 ἐκεί-

112 796 200 823 νους
225 781 354 827 φιλίαν
379 780 597 826 προκρίναις
623 780 736 815 refert
762 779 809 813 ad
835 778 1187 823 κάπικηρυκεύματα
1215 778 1282 812 οὐκ
1308 775 1355 812 ἂν
1378 774 1641 825 moesto-Her-

111 847 240 880 mann,
274 834 640 880 κάπικηρυκεύμασιν
673 833 774 868 ἄκων
805 831 938 867 πίθοιο
965 831 1112 876 Reisig,
1145 831 1237 866 κάπὶ
1269 829 1518 875 κηρυκεύμασι
1550 833 1641 863 νοῦν

112 887 159 924 ἂν
183 887 308 924 τίθοιο
329 888 514 931 Schaefer,
553 886 920 932 κάπικηρυκεύμασιν
946 883 995 919 ἔτ’
1025 883 1073 922 ἂν
1099 882 1231 919 πίθοιο
1258 883 1314 918 vel
1341 881 1405 923 οὖς
1425 881 1472 918 ἂν
1491 880 1640 917 πίτναιο

112 941 170 976 vel
196 940 260 982 οὖς
279 940 482 987 ἀμπίτναιο
502 940 694 983 Wieselcr‚
720 940 812 975 κάπὶ
831 938 1089 984 κηρυκεύματα
1110 937 1192 972 οὐδ’
1219 936 1266 972 ἃν
1285 935 1436 978 πίθοιο;
1463 934 1640 977 Schoene‚

111 995 470 1040 κάπικηρυκεύματι·
499 995 582 1041 [οὐκ
608 992 656 1029 ἂν
675 992 824 1039 πίθοιο]
846 991 1114 1037 Sakorramhos,
1140 990 1508 1035 n&mun9vnsv15namv
1532 988 1641 1023 εἴκων

111 1047 243 1084 πίθοιο
269 1048 428 1084 Holzner
574 1051 639 1082 739
672 1045 754 1092 τάχ’
791 1045 838 1081 ἂν
869 1047 1028 1089 προθεῐο
1056 1044 1246 1089 Hartung,
1294 1041 1428 1078 κείνων
1459 1040 1571 1077 πίθοι
1603 1052 1641 1076 σε

112 1101 404 1146 Rauchenstein,
445 1102 511 1136 οὐκ
543 1099 718 1136 ἀντίθοιο
745 1100 791 1135 Μ.
815 1098 989 1143 Seyffert,
1026 1099 1093 1133 οὐκ
1120 1097 1167 1134 ἂν
1192 1099 1389 1141 παρωθοῐς
1412 1095 1641 1134 Heimweth,

113 1155 180 1190 οὐκ
207 1153 254 1190 ἂν
279 1154 410 1199 πρόοιο
431 1154 668 1198 Herwerden‚
695 1154 763 1188 οὐκ
789 1151 836 1188 ἂν
857 1155 985 1198 μεθεῖο
1006 1153 1201 1195 Franssen,
1228 1151 1295 1186 οὐκ
1315 1151 1480 1186 ἀντισοῖο
1495 1148 1641 1184 Verrall

209 1217 276 1248 740
301 1212 429 1260 δόμος]
454 1212 596 1258 θρόνος
621 1211 838 1248 Heimsoeth
928 1215 993 1246 741
1022 1211 1160 1256 πολλὴν
1187 1210 1328 1255 ἔθηκας
1353 1208 1441 1245 olim
1461 1208 1594 1243 Nauck

113 1271 181 1302 744
208 1267 304 1312 ἔχειν
329 1267 597 1311 προδεικνύναι
624 1265 759 1300 Reiske
882 1269 949 1300 748
978 1265 1079 1300 delet
1104 1264 1237 1298 Nauck
1263 1266 1306 1298 ut
1331 1274 1374 1298 ex
1401 1262 1479 1307 Iph.
1507 1262 1547 1297 T.
1571 1264 1639 1296 738

111 1319 311 1365 repetitum

209 1382 276 1414 750
302 1378 412 1414 ἄλλον
439 1378 694 1424 Sakorraphos
840 1382 906 1412 752
936 1380 1056 1412 Γαῖαν
1077 1375 1203 1412 Ἡλίου
1232 1375 1274 1411 θ’
1306 1375 1422 1421 ἁγνὸν
1448 1373 1557 1421 σέβας
1583 1375 1642 1419 (ex

113 1431 294 1466 varietate
332 1432 380 1466 ad
418 1444 449 1467 v.
478 1436 544 1466 746
578 1432 772 1476 adnotata)
808 1431 865 1466 vel
898 1429 1002 1471 σέλας
1034 1431 1247 1476 Musgrave,
1288 1432 1407 1464 Γαῖαν
1434 1426 1563 1463 Ἡλίου
1594 1429 1638 1461 θ’

112 1485 229 1531 ἁγνὸν
256 1485 353 1530 φάος
378 1485 553 1530 Elmsley,
581 1488 660 1530 Γῆν
685 1486 748 1519 καὶ
773 1484 941 1529 λαμπρὸν
962 1482 1089 1518 “Ηλίου
1115 1482 1214 1528 φάος
1238 1481 1436 1517 Kirchhoff
1507 1485 1573 1516 753
1601 1481 1640 1528 ἃ]

114 1536 169 1579 οἷς
195 1538 369 1574 Schaefer
485 1543 551 1573 754
578 1541 719 1573 παθεῖν
746 1538 907 1572 Dindorf
1010 1539 1097 1582 post
1123 1541 1190 1572 755
1224 1536 1369 1580 aliquot
1394 1546 1518 1570 versus
1546 1534 1642 1570 exci-

115 1591 212 1626 disse
238 1593 348 1637 putat
372 1591 506 1626 Nauck
604 1596 670 1626 756
696 1590 837 1637 πάντα]
864 1589 962 1636 τάμὰ
987 1590 1121 1625 Nauck
1648 1618 1652 1622 .

210 1655 274 1685 761
303 1649 482 1698 κατέχων]
508 1649 591 1686 τάδ’
623 1650 713 1696 ἔχων
740 1650 902 1695 Blaydes
1044 1654 1109 1684 767
1139 1655 1207 1684 νῦν
1233 1649 1279 1694 δὴ
1302 1646 1400 1689 ’λπίς
1426 1648 1574 1692 Reiske,
1601 1647 1637 1683 δ’

114 1703 214 1739 delet
226 1704 411 1739 Matthiae
435 1706 438 1748 Ι
462 1710 530 1739 νῦν
557 1703 657 1744 ἐλπὶς
682 1702 724 1738 οἵ
744 1716 785 1748 με
811 1703 1025 1747 προύδοσαν
1048 1701 1162 1738 τίσειν
1182 1701 1291 1748 δίκην
1305 1701 1448 1736 Mekler
1471 1703 1474 1746 Ι
1497 1713 1643 1736 versum

117 1759 203 1792 ante
231 1761 297 1792 765
325 1757 485 1792 collocat
510 1757 662 1803 Treplin

209 1820 274 1851 771
302 1818 476 1861 (μολοῦσα
503 1815 554 1860 δ’,
581 1816 714 1851 deletis
741 1816 907 1851 versibus
941 1820 1007 1851 772
1023 1828 1088 1861 sq.‚
1115 1816 1152 1850 L.
1175 1815 1348 1859 Dindorf)
1460 1819 1524 1849 772
1552 1815 1638 1860 βου-

113 1870 288 1916 λεύματα]
317 1870 401 1904 fort.
428 1869 640 1914 τολμήματα
774 1874 839 1904 777
868 1870 916 1910 ὡς
940 1871 1003 1904 καὶ
1029 1871 1135 1905 δοκεῖ
1159 1883 1221 1913 μοι
1246 1867 1362 1903 ταῦθ’
1393 1868 1416 1902 ἃ
1443 1868 1643 1914 βουλεύσας

114 1923 197 1968 ἔχει,
223 1923 346 1958 deleto
372 1934 478 1958 versu
505 1927 584 1967 778,
610 1924 654 1958 H.
676 1923 799 1958 Hirzel
834 1924 839 1969 Ι
873 1924 937 1958 καὶ
969 1924 1104 1963 καλοὺς
1129 1922 1202 1968 ἔχει
1228 1922 1410 1965 Schoene,
1446 1922 1643 1967 παγκάλως

114 1976 210 2022 ἔχειν
236 1976 397 2012 Schenkl
438 1978 441 2022 Ι
483 1988 627 2011 versum
659 1976 760 2011 delet
785 1977 823 2010 L.
845 1976 1006 2011 Dindorf
1103 1978 1188 2021 post
1214 1980 1280 2010 777
1308 1975 1481 2010 lacunam
1508 1975 1642 2010 statuit

113 2029 308 2065 Kirchhoff
394 2034 459 2064 777
476 2042 528 2074 sq.
556 2030 604 2071 ὥς
629 2044 690 2075 μοι
717 2031 820 2065 δοκεῖ
844 2029 889 2064 τά
915 2029 947 2064 τ’
978 2030 1067 2064 ἄλλα
1094 2030 1157 2064 καὶ
1182 2029 1228 2064 τὰ
1253 2029 1345 2072 πρὸς
1371 2027 1478 2068 νέους
1503 2027 1643 2073 γάμους

114 2083 184 2118 ute.
206 2083 435 2128 Heimsoeth,
461 2084 509 2124 ὡς
535 2082 574 2118 εὖ
601 2086 705 2119 δοκεῖ
730 2096 791 2128 μοι
817 2089 933 2118 ταῦτα
959 2086 1022 2118 καὶ
1047 2081 1190 2122 τέκνοις
1211 2082 1317 2128 ἔχειν,
1344 2080 1427 2127 λέχη
1448 2081 1641 2124 τυράννων

113 2135 156 2171 θ’
193 2133 245 2171 ὧν
266 2165 272 2171 .
297 2164 304 2171 .
329 2135 400 2181 ἔχει
425 2136 587 2171 Holzner
621 2139 624 2181 Ι
660 2139 779 2177 καλῶς
804 2136 876 2182 ἔχει
902 2136 1018 2182 γάμος
1042 2135 1236 2180 τυράννων
1263 2133 1313 2170 ὧν
1338 2133 1517 2179 προδοῦσ’
1547 2135 1643 2179 ἡμᾶς

113 2189 178 2237 ἐρᾷ
199 2189 246 2224 Μ.
263 2189 430 2234 Seyffert,
458 2193 576 2231 καλῶς
601 2190 709 2235 ἔχειν,
736 2189 846 2236 γάμοι
871 2190 1066 2233 τυράννων
1092 2187 1148 2230 οἷς
1163 2219 1169 2225 .
1186 2219 1192 2224 .
1210 2189 1281 2234 ἔχει
1301 2188 1409 2223 Earle
1479 2192 1546 2222 777
1562 2200 1639 2232 sqq.

115 2243 162 2283 ὡς
188 2244 362 2277 συνδοκεῖ
385 2257 446 2288 μοι
471 2243 534 2289 (ὥς
559 2257 620 2288 μοι
646 2245 750 2279 δοκεῖ
774 2243 820 2288 δὴ
847 2243 1038 2287 Hartung,
1079 2243 1127 2283 ὡς
1153 2248 1221 2278 νῦν
1248 2243 1353 2277 δοκεῖ
1377 2254 1438 2286 μοι
1464 2241 1641 2285 Koechly,

115 2296 163 2336 ὡς
188 2295 233 2340 δὴ
261 2298 366 2331 δοκεῖ
389 2310 450 2340 μοι
477 2297 565 2332 olim
586 2297 703 2340 Weil,
729 2297 777 2337 ὡς
803 2294 842 2331 εὗ
869 2298 973 2331 δοκεῖ
997 2310 1059 2341 μοι
1086 2295 1365 2338 Stadtmueller)
1390 2300 1506 2329 ταῦτα
1533 2294 1641 2339 (alias

114 2348 252 2394 πάντα)
277 2350 340 2384 καὶ
366 2352 484 2390 καλῶς
509 2350 605 2396 ἔχειν
631 2350 741 2396 (ἔχειν
766 2349 806 2384 in
832 2350 887 2384 ed.
904 2349 1142 2395 Hervagiana
1163 2349 1241 2393 alt.)
1267 2349 1330 2384 καὶ
1357 2347 1516 2393 ξύμφορ’
1545 2346 1637 2383 εἶναι

115 2403 178 2436 καὶ
209 2405 327 2443 καλῶς
358 2404 435 2447 (καὶ
467 2410 590 2448 σοφῶς
615 2402 797 2448 Koechly,
836 2403 1034 2447 κάσφαλῶς
1060 2402 1341 2445 Stadtmueller‚
1380 2399 1580 2445 σωφρόνως
1606 2400 1636 2435 τ’

116 2455 204 2489 olim
230 2455 344 2500 Weil,
381 2457 444 2491 καὶ
471 2455 584 2501 φίλως
610 2456 829 2502 Barthhold)
857 2454 1084 2502 ἐγνωσμένα,
1117 2455 1240 2491 deleto
1267 2466 1373 2490 versu
1401 2459 1480 2499 778,
1506 2455 1641 2490 Reiske

165 2512 232 2544 778
263 2508 404 2554 γάμους
433 2509 627 2553 τυράννων
659 2509 751 2556 <καὶ
783 2509 905 2555 φυγὰς
937 2507 1087 2554 δηλοῦσ’
1124 2507 1240 2555 ἐμάς)
1268 2508 1411 2543 Mekler
1452 2511 1456 2553 Ι
1498 2519 1642 2542 versum

117 2565 204 2596 ante
230 2566 295 2596 777
321 2562 428 2607 ponit
441 2562 576 2598 Velsen
602 2565 644 2597 ut
670 2562 872 2607 aliquando
886 2563 1076 2598 Hermann
1151 2565 1217 2596 779
1245 2559 1470 2607 ἐγνωσμένα]
1498 2561 1641 2606 εἰργασ-

116 2615 208 2662 μένα
233 2615 450 2650 Heimsoeth

212 2674 280 2704 780
306 2670 445 2709 παῖδας
476 2668 517 2704 δὲ
549 2669 596 2714 μὴ
623 2669 709 2704 ἐλᾶν
735 2670 772 2704 F.
801 2669 868 2704 Gu.
896 2668 1065 2704 Schmidt
1209 2672 1274 2702 781
1305 2668 1347 2702 οὔ
1375 2665 1438 2712 σφ’
1470 2667 1641 2701 οἰκιοῦσα

118 2722 392 2766 Stadtmueller,
419 2723 486 2767 οὐχ
511 2723 559 2762 ὡς
583 2724 739 2757 διδοῦσα
764 2722 903 2768 Wolfg.
930 2723 1051 2756 Bauer
1073 2722 1077 2768 Ι
1100 2720 1290 2766 (πολεμίας
1316 2720 1373 2755 ἔπι
1400 2722 1526 2764 προδῶ
1553 2720 1641 2755 olim

116 2776 322 2820 Kirchhost)
442 2778 526 2820 post
551 2779 617 2810 781
644 2786 791 2810 versum
817 2775 998 2810 excidisse
1023 2777 1133 2820 putat
1158 2774 1247 2809 Kral
1357 2777 1422 2808 782
1451 2773 1642 2819 ἐχθροῖσιν

118 2831 253 2870 αὐτοὺς
289 2836 366 2870 τοῖς
404 2829 503 2873 ἐμοῖς
522 2828 790 2873 Wyttenbach,
828 2828 996 2874 ἐχθροῖσι
1030 2829 1187 2871 παραδῶ
1222 2834 1299 2867 τοῖς
1331 2827 1431 2871 ἐμοῖς
1464 2827 1640 2871 Schoene‚

119 2883 269 2930 ἐχθροῖς
292 2882 469 2928 παράσχω
495 2882 580 2923 τοὺς
606 2881 714 2927 ἐμοὺς
734 2881 863 2916 Arnim
933 2886 998 2916 785
1026 2881 1150 2928 νύμφῃ
1176 2881 1358 2922 θέλοντας
1382 2882 1491 2927 δῆθε,
1518 2880 1641 2916 deleto
