<?xml version="1.0" encoding="UTF-8"?>
<!DOCTYPE html PUBLIC "-//W3C//DTD XHTML 1.0 Transitional//EN"
    "http://www.w3.org/TR/xhtml1/DTD/xhtml1-transitional.dtd">
<html xmlns="http://www.w3.org/1999/xhtml" xml:lang="en" lang="en">
 <head>
  <title>
</title>
<meta http-equiv="Content-Type" content="text/html;charset=utf-8" />
  <meta name='ocr-system' content='tesseract 3.04.00' />
  <meta name='ocr-capabilities' content='ocr_page ocr_carea ocr_par ocr_line ocrx_word'/>
</head>
<body>
  <div class='ocr_page' id='page_1' title='image "./euripidisfabula01euriuoft_0282.png"; bbox 0 0 1929 3208; ppageno 0'>
   <div class='ocr_carea' id='block_1_1' title="bbox 212 172 1108 212">
    <p class='ocr_par' dir='ltr' id='par_1_1' title="bbox 212 172 1108 212">
     <span class='ocr_line' id='line_1_1' title="bbox 212 172 1108 212; baseline -0.003 0"><span class='ocrx_word' id='word_1_1' title='bbox 212 172 267 212; x_wconf 55' lang='grc' dir='ltr'><strong><em>Γ.)</em></strong></span> <span class='ocrx_word' id='word_1_2' title='bbox 841 176 1108 209; x_wconf 59' lang='grc' dir='ltr'><strong><em>ιἰτιίιιῐᾼοτ</em></strong></span> 
     </span>
    </p>
   </div>
   <div class='ocr_carea' id='block_1_2' title="bbox 235 280 1741 2114">
    <p class='ocr_par' dir='ltr' id='par_1_2' title="bbox 235 280 1741 2114">
     <span class='ocr_line' id='line_1_2' title="bbox 236 280 1464 339; baseline 0.006 -18"><span class='ocrx_word' id='word_1_3' title='bbox 236 284 324 322; x_wconf 61' lang='lat' dir='ltr'><strong><em>lm.</em></strong></span> <span class='ocrx_word' id='word_1_4' title='bbox 388 280 457 323; x_wconf 75' lang='grc' dir='ltr'><strong><em>καὶ.</em></strong></span> <span class='ocrx_word' id='word_1_5' title='bbox 491 287 575 323; x_wconf 87' lang='grc' dir='ltr'><strong><em>νῦν</em></strong></span> <span class='ocrx_word' id='word_1_6' title='bbox 607 282 659 336; x_wconf 77' lang='grc' dir='ltr'><strong><em>γε’</em></strong></span> <span class='ocrx_word' id='word_1_7' title='bbox 688 299 800 339; x_wconf 84' lang='grc' dir='ltr'><strong><em>φημι</em></strong></span> <span class='ocrx_word' id='word_1_8' title='bbox 833 283 941 325; x_wconf 65' lang='grc' dir='ltr'><strong><em>κούκ</em></strong></span> <span class='ocrx_word' id='word_1_9' title='bbox 974 283 1267 339; x_wconf 76' lang='grc' dir='ltr'><em>ἀπαρνοῦμαι,</em></span> <span class='ocrx_word' id='word_1_10' title='bbox 1298 284 1464 329; x_wconf 73' lang='grc' dir='ltr'><strong><em>τέκνον.</em></strong></span> 
     </span>
     <span class='ocr_line' id='line_1_3' title="bbox 237 349 1363 409; baseline 0.004 -16"><span class='ocrx_word' id='word_1_11' title='bbox 237 356 275 393; x_wconf 84' lang='grc' dir='ltr'><strong><em>ΙΙ</em></strong></span> <span class='ocrx_word' id='word_1_12' title='bbox 301 356 328 395; x_wconf 78' lang='lat' dir='ltr'><strong><em>l.</em></strong></span> <span class='ocrx_word' id='word_1_13' title='bbox 392 349 474 407; x_wconf 72' lang='grc' dir='ltr'><strong><em>ἀρα</em></strong></span> <span class='ocrx_word' id='word_1_14' title='bbox 507 354 718 401; x_wconf 73' lang='grc' dir='ltr'><strong><em>κλύουσα,</em></strong></span> <span class='ocrx_word' id='word_1_15' title='bbox 752 361 900 409; x_wconf 83' lang='grc' dir='ltr'><strong><em>μῆτερ,</em></strong></span> <span class='ocrx_word' id='word_1_16' title='bbox 934 351 1009 396; x_wconf 79' lang='grc' dir='ltr'><strong><em>εἶτ’</em></strong></span> <span class='ocrx_word' id='word_1_17' title='bbox 1040 356 1172 408; x_wconf 77' lang='grc' dir='ltr'><strong><em>ἔρξεις</em></strong></span> <span class='ocrx_word' id='word_1_18' title='bbox 1204 363 1363 407; x_wconf 81' lang='grc' dir='ltr'><strong><em>κακῶς;</em></strong></span> 
     </span>
     <span class='ocr_line' id='line_1_4' title="bbox 237 423 1422 482; baseline 0.003 -17"><span class='ocrx_word' id='word_1_19' title='bbox 237 427 325 465; x_wconf 66' lang='grc' dir='ltr'><strong><em>ΚΛ.</em></strong></span> <span class='ocrx_word' id='word_1_20' title='bbox 390 424 471 465; x_wconf 73' lang='grc' dir='ltr'><strong><em>οὐκ</em></strong></span> <span class='ocrx_word' id='word_1_21' title='bbox 503 424 610 474; x_wconf 75' lang='grc' dir='ltr'><strong><em>ἔστι,</em></strong></span> <span class='ocrx_word' id='word_1_22' title='bbox 643 431 695 480; x_wconf 78' lang='grc' dir='ltr'><strong><em>τῇ</em></strong></span> <span class='ocrx_word' id='word_1_23' title='bbox 728 431 782 480; x_wconf 76' lang='grc' dir='ltr'><strong><em>σῇ</em></strong></span> <span class='ocrx_word' id='word_1_24' title='bbox 815 423 856 467; x_wconf 88' lang='grc' dir='ltr'><strong><em>δ’</em></strong></span> <span class='ocrx_word' id='word_1_25' title='bbox 887 425 972 479; x_wconf 82' lang='grc' dir='ltr'><strong><em>ἡδὺ</em></strong></span> <span class='ocrx_word' id='word_1_26' title='bbox 1004 428 1247 481; x_wconf 78' lang='grc' dir='ltr'><em>προσθήσω</em></span> <span class='ocrx_word' id='word_1_27' title='bbox 1279 430 1422 482; x_wconf 85' lang='grc' dir='ltr'><strong><em>φρενί.</em></strong></span> 
     </span>
     <span class='ocr_line' id='line_1_5' title="bbox 235 492 1736 552; baseline 0.004 -18"><span class='ocrx_word' id='word_1_28' title='bbox 235 497 325 535; x_wconf 78' lang='grc' dir='ltr'><strong>ΙΙ,1.</strong></span> <span class='ocrx_word' id='word_1_29' title='bbox 390 493 556 550; x_wconf 76' lang='grc' dir='ltr'><strong><em>λέγοιμ’</em></strong></span> <span class='ocrx_word' id='word_1_30' title='bbox 586 497 658 537; x_wconf 73' lang='grc' dir='ltr'><strong><em>ἄν·</em></strong></span> <span class='ocrx_word' id='word_1_31' title='bbox 691 495 796 551; x_wconf 79' lang='grc' dir='ltr'><strong><em>εὐχὴ</em></strong></span> <span class='ocrx_word' id='word_1_32' title='bbox 830 492 870 537; x_wconf 89' lang='grc' dir='ltr'><strong><em>δ’</em></strong></span> <span class='ocrx_word' id='word_1_33' title='bbox 900 497 977 550; x_wconf 72' lang='grc' dir='ltr'><strong><em>ἥδε</em></strong></span> <span class='ocrx_word' id='word_1_34' title='bbox 1010 513 1084 551; x_wconf 90' lang='grc' dir='ltr'><strong><em>μοι</em></strong></span> <span class='ocrx_word' id='word_1_35' title='bbox 1116 500 1361 552; x_wconf 79' lang='grc' dir='ltr'><strong><em>προοίμιον.</em></strong></span> <span class='ocrx_word' id='word_1_36' title='bbox 1649 512 1736 544; x_wconf 74' lang='grc'><strong>1000</strong></span> 
     </span>
     <span class='ocr_line' id='line_1_6' title="bbox 389 564 1372 623; baseline 0.004 -16"><span class='ocrx_word' id='word_1_37' title='bbox 389 564 474 607; x_wconf 64' lang='grc' dir='ltr'><strong><em>εἴθ’</em></strong></span> <span class='ocrx_word' id='word_1_38' title='bbox 506 564 630 621; x_wconf 77' lang='grc' dir='ltr'><strong><em>εἶχες,</em></strong></span> <span class='ocrx_word' id='word_1_39' title='bbox 663 564 697 609; x_wconf 82' lang='grc' dir='ltr'><strong><em>ὦ</em></strong></span> <span class='ocrx_word' id='word_1_40' title='bbox 729 573 930 618; x_wconf 83' lang='grc' dir='ltr'><strong><em>τεκοῦσα,</em></strong></span> <span class='ocrx_word' id='word_1_41' title='bbox 963 570 1163 622; x_wconf 77' lang='grc' dir='ltr'><em>βελτίους</em></span> <span class='ocrx_word' id='word_1_42' title='bbox 1195 567 1372 623; x_wconf 79' lang='grc' dir='ltr'><strong><em>φρένας.</em></strong></span> 
     </span>
     <span class='ocr_line' id='line_1_7' title="bbox 389 635 1316 695; baseline 0.004 -17"><span class='ocrx_word' id='word_1_43' title='bbox 389 638 436 679; x_wconf 85' lang='grc' dir='ltr'><strong><em>τὸ</em></strong></span> <span class='ocrx_word' id='word_1_44' title='bbox 469 635 548 691; x_wconf 72' lang='grc' dir='ltr'><strong><em>μὲν</em></strong></span> <span class='ocrx_word' id='word_1_45' title='bbox 581 639 664 693; x_wconf 77' lang='grc' dir='ltr'><strong><em>γὰρ</em></strong></span> <span class='ocrx_word' id='word_1_46' title='bbox 696 635 814 688; x_wconf 85' lang='grc' dir='ltr'><strong><em>εἶδος</em></strong></span> <span class='ocrx_word' id='word_1_47' title='bbox 846 635 974 681; x_wconf 84' lang='grc' dir='ltr'><strong><em>αἶνον</em></strong></span> <span class='ocrx_word' id='word_1_48' title='bbox 1007 640 1130 691; x_wconf 76' lang='grc' dir='ltr'><strong><em>ἄξιον</em></strong></span> <span class='ocrx_word' id='word_1_49' title='bbox 1162 638 1316 695; x_wconf 80' lang='grc' dir='ltr'><strong><em>φέρειν</em></strong></span> 
     </span>
     <span class='ocr_line' id='line_1_8' title="bbox 384 707 1457 766; baseline 0.004 -16"><span class='ocrx_word' id='word_1_50' title='bbox 384 708 560 763; x_wconf 74' lang='grc' dir='ltr'><strong><em>Ἑλένης</em></strong></span> <span class='ocrx_word' id='word_1_51' title='bbox 591 724 635 751; x_wconf 91' lang='grc' dir='ltr'><strong><em>τε</em></strong></span> <span class='ocrx_word' id='word_1_52' title='bbox 668 707 738 751; x_wconf 80' lang='grc' dir='ltr'><strong><em>καὶ</em></strong></span> <span class='ocrx_word' id='word_1_53' title='bbox 772 715 868 763; x_wconf 87' lang='grc' dir='ltr'><strong><em>σοῦ,</em></strong></span> <span class='ocrx_word' id='word_1_54' title='bbox 902 710 984 752; x_wconf 91' lang='grc' dir='ltr'><strong><em>δύο</em></strong></span> <span class='ocrx_word' id='word_1_55' title='bbox 1018 708 1056 752; x_wconf 81' lang='grc' dir='ltr'><strong><em>δ’</em></strong></span> <span class='ocrx_word' id='word_1_56' title='bbox 1089 712 1221 765; x_wconf 80' lang='grc' dir='ltr'><strong><em>ἔφυτε</em></strong></span> <span class='ocrx_word' id='word_1_57' title='bbox 1254 713 1457 766; x_wconf 75' lang='grc' dir='ltr'>συγγόνω</span> 
     </span>
     <span class='ocr_line' id='line_1_9' title="bbox 390 779 1311 836; baseline 0.002 -15"><span class='ocrx_word' id='word_1_58' title='bbox 390 781 520 834; x_wconf 77' lang='grc' dir='ltr'><strong><em>ἄμφω</em></strong></span> <span class='ocrx_word' id='word_1_59' title='bbox 554 783 722 835; x_wconf 84' lang='grc' dir='ltr'><em>ματαίω</em></span> <span class='ocrx_word' id='word_1_60' title='bbox 756 780 983 836; x_wconf 82' lang='grc' dir='ltr'><strong><em>Κάστορός</em></strong></span> <span class='ocrx_word' id='word_1_61' title='bbox 1014 779 1049 822; x_wconf 86' lang='grc' dir='ltr'><strong><em>τ’</em></strong></span> <span class='ocrx_word' id='word_1_62' title='bbox 1082 781 1162 824; x_wconf 88' lang='grc' dir='ltr'><strong><em>οὐκ</em></strong></span> <span class='ocrx_word' id='word_1_63' title='bbox 1194 781 1311 833; x_wconf 83' lang='grc' dir='ltr'><strong><em>ἀξίω.</em></strong></span> 
     </span>
     <span class='ocr_line' id='line_1_10' title="bbox 392 849 1737 910; baseline 0.002 -18"><span class='ocrx_word' id='word_1_64' title='bbox 392 851 417 905; x_wconf 81' lang='grc' dir='ltr'>ἣ</span> <span class='ocrx_word' id='word_1_65' title='bbox 450 849 530 906; x_wconf 76' lang='grc' dir='ltr'><strong><em>μὲν</em></strong></span> <span class='ocrx_word' id='word_1_66' title='bbox 562 853 645 906; x_wconf 78' lang='grc' dir='ltr'><strong><em>γὰρ</em></strong></span> <span class='ocrx_word' id='word_1_67' title='bbox 678 850 941 905; x_wconf 80' lang='grc' dir='ltr'><strong><em>ἁρπασθεῖσ’</em></strong></span> <span class='ocrx_word' id='word_1_68' title='bbox 973 849 1118 895; x_wconf 78' lang='grc' dir='ltr'><strong><em>ἑκοῦσ’</em></strong></span> <span class='ocrx_word' id='word_1_69' title='bbox 1148 851 1360 910; x_wconf 80' lang='grc' dir='ltr'><strong><em>ἀπςόχετο,</em></strong></span> <span class='ocrx_word' id='word_1_70' title='bbox 1648 865 1737 897; x_wconf 76' lang='grc'><strong>1065</strong></span> 
     </span>
     <span class='ocr_line' id='line_1_11' title="bbox 391 919 1388 978; baseline 0.002 -13"><span class='ocrx_word' id='word_1_71' title='bbox 391 924 446 965; x_wconf 84' lang='grc' dir='ltr'><strong><em>σὺ</em></strong></span> <span class='ocrx_word' id='word_1_72' title='bbox 479 921 519 964; x_wconf 93' lang='grc' dir='ltr'><strong><em>δ’</em></strong></span> <span class='ocrx_word' id='word_1_73' title='bbox 552 919 679 977; x_wconf 79' lang='grc' dir='ltr'><strong><em>ἄνδρ’</em></strong></span> <span class='ocrx_word' id='word_1_74' title='bbox 710 924 892 977; x_wconf 76' lang='grc' dir='ltr'><strong><em>ἄριστον</em></strong></span> <span class='ocrx_word' id='word_1_75' title='bbox 917 921 1129 974; x_wconf 76' lang='grc' dir='ltr'><em>Ἑλλάδος</em></span> <span class='ocrx_word' id='word_1_76' title='bbox 1161 925 1388 978; x_wconf 81' lang='grc' dir='ltr'><strong><em>διώλεσας,</em></strong></span> 
     </span>
     <span class='ocr_line' id='line_1_12' title="bbox 391 991 1467 1050; baseline 0.004 -16"><span class='ocrx_word' id='word_1_77' title='bbox 391 1000 554 1048; x_wconf 79' lang='grc' dir='ltr'><strong><em>σκῆψιν</em></strong></span> <span class='ocrx_word' id='word_1_78' title='bbox 586 991 883 1048; x_wconf 83' lang='grc' dir='ltr'><strong><em>προτει’νουσ’,</em></strong></span> <span class='ocrx_word' id='word_1_79' title='bbox 916 994 974 1044; x_wconf 85' lang='grc' dir='ltr'><strong><em>ὡς</em></strong></span> <span class='ocrx_word' id='word_1_80' title='bbox 1004 993 1115 1050; x_wconf 74' lang='grc' dir='ltr'><strong><em>ὑπὲρ</em></strong></span> <span class='ocrx_word' id='word_1_81' title='bbox 1147 994 1305 1038; x_wconf 82' lang='grc' dir='ltr'><strong><em>τέκνου</em></strong></span> <span class='ocrx_word' id='word_1_82' title='bbox 1335 997 1467 1038; x_wconf 90' lang='grc' dir='ltr'><strong><em>πόσιν</em></strong></span> 
     </span>
     <span class='ocr_line' id='line_1_13' title="bbox 393 1062 1365 1121; baseline 0.004 -16"><span class='ocrx_word' id='word_1_83' title='bbox 393 1066 605 1115; x_wconf 76' lang='grc' dir='ltr'><strong><em>ἔκτεινας·</em></strong></span> <span class='ocrx_word' id='word_1_84' title='bbox 640 1065 693 1107; x_wconf 90' lang='grc' dir='ltr'><strong><em>οὐ</em></strong></span> <span class='ocrx_word' id='word_1_85' title='bbox 725 1065 810 1121; x_wconf 79' lang='grc' dir='ltr'><strong><em>γὰρ</em></strong></span> <span class='ocrx_word' id='word_1_86' title='bbox 842 1065 900 1115; x_wconf 85' lang='grc' dir='ltr'><strong><em>ὡς</em></strong></span> <span class='ocrx_word' id='word_1_87' title='bbox 932 1065 1016 1120; x_wconf 79' lang='grc' dir='ltr'><strong><em>ἐγώ</em></strong></span> <span class='ocrx_word' id='word_1_88' title='bbox 1049 1062 1089 1107; x_wconf 91' lang='grc' dir='ltr'><strong><em>σ’</em></strong></span> <span class='ocrx_word' id='word_1_89' title='bbox 1119 1070 1267 1108; x_wconf 71' lang='grc' dir='ltr'><strong><em>ἴσασιν</em></strong></span> <span class='ocrx_word' id='word_1_90' title='bbox 1299 1063 1365 1109; x_wconf 86' lang='grc' dir='ltr'><strong><em>εὖ·</em></strong></span> 
     </span>
     <span class='ocr_line' id='line_1_14' title="bbox 394 1134 1394 1192; baseline 0.003 -16"><span class='ocrx_word' id='word_1_91' title='bbox 394 1136 486 1189; x_wconf 74' lang='grc' dir='ltr'><strong><em>ἣτις</em></strong></span> <span class='ocrx_word' id='word_1_92' title='bbox 517 1137 742 1190; x_wconf 79' lang='grc' dir='ltr'><strong><em>θυγατρὸς</em></strong></span> <span class='ocrx_word' id='word_1_93' title='bbox 773 1134 878 1191; x_wconf 85' lang='grc' dir='ltr'><strong><em>πρὶν</em></strong></span> <span class='ocrx_word' id='word_1_94' title='bbox 910 1141 1189 1192; x_wconf 78' lang='grc' dir='ltr'><strong><em>κεκυρῶσθαι</em></strong></span> <span class='ocrx_word' id='word_1_95' title='bbox 1222 1138 1394 1192; x_wconf 78' lang='grc' dir='ltr'><strong><em>σφαγὰς</em></strong></span> 
     </span>
     <span class='ocr_line' id='line_1_15' title="bbox 391 1203 1739 1263; baseline 0.001 -16"><span class='ocrx_word' id='word_1_96' title='bbox 391 1206 494 1248; x_wconf 87' lang='grc' dir='ltr'><strong><em>νεόν</em></strong></span> <span class='ocrx_word' id='word_1_97' title='bbox 526 1205 562 1248; x_wconf 92' lang='grc' dir='ltr'><strong><em>τ’</em></strong></span> <span class='ocrx_word' id='word_1_98' title='bbox 595 1203 666 1248; x_wconf 80' lang='grc' dir='ltr'><strong><em>ἀπ’</em></strong></span> <span class='ocrx_word' id='word_1_99' title='bbox 697 1211 830 1249; x_wconf 72' lang='grc' dir='ltr'><strong><em>οἴκων</em></strong></span> <span class='ocrx_word' id='word_1_100' title='bbox 862 1207 1024 1262; x_wconf 85' lang='grc' dir='ltr'><strong><em>ἀνδρὸς</em></strong></span> <span class='ocrx_word' id='word_1_101' title='bbox 1055 1207 1366 1263; x_wconf 80' lang='grc' dir='ltr'><strong><em>ἐξωρμημένου</em></strong></span> <span class='ocrx_word' id='word_1_102' title='bbox 1650 1219 1739 1250; x_wconf 83' lang='grc'><strong>1070</strong></span> 
     </span>
     <span class='ocr_line' id='line_1_16' title="bbox 393 1278 1480 1336; baseline 0.003 -18"><span class='ocrx_word' id='word_1_103' title='bbox 393 1278 561 1327; x_wconf 80' lang='grc' dir='ltr'><strong><em>ξανθὸν</em></strong></span> <span class='ocrx_word' id='word_1_104' title='bbox 593 1279 820 1336; x_wconf 79' lang='grc' dir='ltr'><strong><em>κατόπτρῳ</em></strong></span> <span class='ocrx_word' id='word_1_105' title='bbox 853 1280 1079 1334; x_wconf 89' lang='grc' dir='ltr'><strong><em>πλόκαμον</em></strong></span> <span class='ocrx_word' id='word_1_106' title='bbox 1111 1278 1304 1333; x_wconf 79' lang='grc' dir='ltr'><strong><em>ἐξήσκεις</em></strong></span> <span class='ocrx_word' id='word_1_107' title='bbox 1334 1281 1480 1334; x_wconf 82' lang='grc' dir='ltr'><strong><em>κόμης.</em></strong></span> 
     </span>
     <span class='ocr_line' id='line_1_17' title="bbox 392 1346 1374 1404; baseline 0.002 -15"><span class='ocrx_word' id='word_1_108' title='bbox 392 1349 505 1402; x_wconf 77' lang='grc' dir='ltr'><strong><em>γυνὴ</em></strong></span> <span class='ocrx_word' id='word_1_109' title='bbox 539 1346 578 1390; x_wconf 84' lang='grc' dir='ltr'><strong><em>δ’</em></strong></span> <span class='ocrx_word' id='word_1_110' title='bbox 610 1348 799 1398; x_wconf 78' lang='grc' dir='ltr'><strong><em>ἀπόντος</em></strong></span> <span class='ocrx_word' id='word_1_111' title='bbox 831 1348 994 1403; x_wconf 81' lang='grc' dir='ltr'><strong><em>ἀνδρὸς</em></strong></span> <span class='ocrx_word' id='word_1_112' title='bbox 1026 1350 1119 1403; x_wconf 80' lang='grc' dir='ltr'><strong><em>ἥτις</em></strong></span> <span class='ocrx_word' id='word_1_113' title='bbox 1151 1349 1197 1391; x_wconf 82' lang='grc' dir='ltr'><strong><em>ἐκ</em></strong></span> <span class='ocrx_word' id='word_1_114' title='bbox 1223 1350 1374 1404; x_wconf 88' lang='grc' dir='ltr'><strong><em>δόμων</em></strong></span> 
     </span>
     <span class='ocr_line' id='line_1_18' title="bbox 393 1416 1484 1475; baseline 0.001 -14"><span class='ocrx_word' id='word_1_115' title='bbox 393 1419 436 1469; x_wconf 84' lang='grc' dir='ltr'><strong><em>ἐς</em></strong></span> <span class='ocrx_word' id='word_1_116' title='bbox 467 1419 628 1469; x_wconf 79' lang='grc' dir='ltr'><strong><em>κάλλος</em></strong></span> <span class='ocrx_word' id='word_1_117' title='bbox 660 1419 797 1471; x_wconf 83' lang='grc' dir='ltr'><strong><em>ἀσκεῖ,</em></strong></span> <span class='ocrx_word' id='word_1_118' title='bbox 831 1418 1039 1475; x_wconf 77' lang='grc' dir='ltr'><strong><em>διάγραφ’</em></strong></span> <span class='ocrx_word' id='word_1_119' title='bbox 1073 1420 1131 1470; x_wconf 84' lang='grc' dir='ltr'><strong><em>ὡς</em></strong></span> <span class='ocrx_word' id='word_1_120' title='bbox 1163 1416 1303 1462; x_wconf 81' lang='grc' dir='ltr'><strong><em>οὖσαν</em></strong></span> <span class='ocrx_word' id='word_1_121' title='bbox 1334 1422 1484 1475; x_wconf 86' lang='grc' dir='ltr'><strong><em>κακήν.</em></strong></span> 
     </span>
     <span class='ocr_line' id='line_1_19' title="bbox 394 1488 1388 1546; baseline 0.003 -15"><span class='ocrx_word' id='word_1_122' title='bbox 394 1488 531 1532; x_wconf 74' lang='grc' dir='ltr'><strong><em>οὐδὲν</em></strong></span> <span class='ocrx_word' id='word_1_123' title='bbox 563 1490 646 1544; x_wconf 76' lang='grc' dir='ltr'><strong><em>γὰρ</em></strong></span> <span class='ocrx_word' id='word_1_124' title='bbox 678 1489 818 1544; x_wconf 85' lang='grc' dir='ltr'><strong><em>αὐτὴν</em></strong></span> <span class='ocrx_word' id='word_1_125' title='bbox 851 1491 921 1533; x_wconf 87' lang='grc' dir='ltr'><strong><em>δεῖ</em></strong></span> <span class='ocrx_word' id='word_1_126' title='bbox 948 1492 1145 1545; x_wconf 79' lang='grc' dir='ltr'><strong><em>θύρασιν</em></strong></span> <span class='ocrx_word' id='word_1_127' title='bbox 1177 1489 1388 1546; x_wconf 77' lang='grc' dir='ltr'><strong><em>εὐπρεπὲς</em></strong></span> 
     </span>
     <span class='ocr_line' id='line_1_20' title="bbox 393 1562 1738 1618; baseline 0.001 -16"><span class='ocrx_word' id='word_1_128' title='bbox 393 1563 572 1615; x_wconf 87' lang='grc' dir='ltr'><strong><em>φαίνειν</em></strong></span> <span class='ocrx_word' id='word_1_129' title='bbox 603 1563 856 1616; x_wconf 87' lang='grc' dir='ltr'><strong><em>πρόσωπον,</em></strong></span> <span class='ocrx_word' id='word_1_130' title='bbox 888 1562 945 1616; x_wconf 82' lang='grc' dir='ltr'><strong><em>ἤν</em></strong></span> <span class='ocrx_word' id='word_1_131' title='bbox 976 1578 1017 1604; x_wconf 93' lang='grc' dir='ltr'><strong><em>τι</em></strong></span> <span class='ocrx_word' id='word_1_132' title='bbox 1049 1562 1107 1616; x_wconf 85' lang='grc' dir='ltr'><strong><em>μὴ</em></strong></span> <span class='ocrx_word' id='word_1_133' title='bbox 1142 1564 1242 1618; x_wconf 74' lang='grc' dir='ltr'><strong><em>ζητῇ</em></strong></span> <span class='ocrx_word' id='word_1_134' title='bbox 1273 1564 1420 1604; x_wconf 88' lang='grc' dir='ltr'><strong><em>κακόν.</em></strong></span> <span class='ocrx_word' id='word_1_135' title='bbox 1647 1573 1738 1604; x_wconf 84' lang='grc'><strong>1075</strong></span> 
     </span>
     <span class='ocr_line' id='line_1_21' title="bbox 393 1630 1426 1687; baseline 0.002 -13"><span class='ocrx_word' id='word_1_136' title='bbox 393 1634 535 1687; x_wconf 90' lang='grc' dir='ltr'><strong><em>μόνην</em></strong></span> <span class='ocrx_word' id='word_1_137' title='bbox 571 1630 619 1675; x_wconf 75' lang='grc' dir='ltr'><strong><em>δὲ</em></strong></span> <span class='ocrx_word' id='word_1_138' title='bbox 650 1640 804 1675; x_wconf 83' lang='grc' dir='ltr'><strong><em>πασῶν</em></strong></span> <span class='ocrx_word' id='word_1_139' title='bbox 837 1630 924 1675; x_wconf 83' lang='grc' dir='ltr'><strong><em>οἷδ’</em></strong></span> <span class='ocrx_word' id='word_1_140' title='bbox 957 1632 1042 1687; x_wconf 81' lang='grc' dir='ltr'><strong><em>ἐγὼ</em></strong></span> <span class='ocrx_word' id='word_1_141' title='bbox 1075 1631 1113 1675; x_wconf 88' lang='grc' dir='ltr'><strong><em>σ’</em></strong></span> <span class='ocrx_word' id='word_1_142' title='bbox 1138 1631 1426 1687; x_wconf 83' lang='grc' dir='ltr'><strong><em>Ἑλληνίδων,</em></strong></span> 
     </span>
     <span class='ocr_line' id='line_1_22' title="bbox 395 1701 1370 1759; baseline 0 -13"><span class='ocrx_word' id='word_1_143' title='bbox 395 1705 436 1746; x_wconf 82' lang='grc' dir='ltr'><strong><em>εἰ</em></strong></span> <span class='ocrx_word' id='word_1_144' title='bbox 465 1701 545 1759; x_wconf 74' lang='grc' dir='ltr'><strong><em>μὲν</em></strong></span> <span class='ocrx_word' id='word_1_145' title='bbox 577 1704 629 1746; x_wconf 85' lang='grc' dir='ltr'><strong><em>τὰ</em></strong></span> <span class='ocrx_word' id='word_1_146' title='bbox 667 1704 830 1759; x_wconf 86' lang='grc' dir='ltr'><strong><em>Τρώων</em></strong></span> <span class='ocrx_word' id='word_1_147' title='bbox 863 1704 1051 1759; x_wconf 81' lang='grc' dir='ltr'><strong><em>εὐτυχοῖ,</em></strong></span> <span class='ocrx_word' id='word_1_148' title='bbox 1083 1703 1370 1759; x_wconf 86' lang='grc' dir='ltr'><strong><em>κεχαρμένην,</em></strong></span> 
     </span>
     <span class='ocr_line' id='line_1_23' title="bbox 395 1771 1367 1830; baseline 0.001 -14"><span class='ocrx_word' id='word_1_149' title='bbox 395 1776 435 1816; x_wconf 84' lang='grc' dir='ltr'><strong><em>εἰ</em></strong></span> <span class='ocrx_word' id='word_1_150' title='bbox 466 1771 506 1816; x_wconf 88' lang='grc' dir='ltr'><strong><em>δ’</em></strong></span> <span class='ocrx_word' id='word_1_151' title='bbox 536 1772 690 1828; x_wconf 77' lang='grc' dir='ltr'><strong><em>ἥσσον’</em></strong></span> <span class='ocrx_word' id='word_1_152' title='bbox 723 1778 804 1828; x_wconf 78' lang='grc' dir='ltr'><strong><em>εἴη,</em></strong></span> <span class='ocrx_word' id='word_1_153' title='bbox 838 1773 1152 1828; x_wconf 81' lang='grc' dir='ltr'><strong><em>συννέφουσαν</em></strong></span> <span class='ocrx_word' id='word_1_154' title='bbox 1183 1776 1367 1830; x_wconf 81' lang='grc' dir='ltr'><strong><em>ὄμματα,</em></strong></span> 
     </span>
     <span class='ocr_line' id='line_1_24' title="bbox 389 1843 1513 1901; baseline -0.001 -14"><span class='ocrx_word' id='word_1_155' title='bbox 389 1843 675 1901; x_wconf 77' lang='grc' dir='ltr'><strong><em>Ἀγαμέμνον’</em></strong></span> <span class='ocrx_word' id='word_1_156' title='bbox 709 1845 763 1887; x_wconf 87' lang='grc' dir='ltr'><strong><em>οὐ</em></strong></span> <span class='ocrx_word' id='word_1_157' title='bbox 794 1844 1042 1901; x_wconf 83' lang='grc' dir='ltr'><strong><em>χρῄζουσαν</em></strong></span> <span class='ocrx_word' id='word_1_158' title='bbox 1075 1847 1122 1888; x_wconf 83' lang='grc' dir='ltr'><strong><em>ὲκ</em></strong></span> <span class='ocrx_word' id='word_1_159' title='bbox 1159 1848 1317 1901; x_wconf 86' lang='grc' dir='ltr'><strong><em>Τροίας</em></strong></span> <span class='ocrx_word' id='word_1_160' title='bbox 1348 1849 1513 1900; x_wconf 87' lang='grc' dir='ltr'><strong><em>μολεῖν.</em></strong></span> 
     </span>
     <span class='ocr_line' id='line_1_25' title="bbox 394 1916 1741 1972; baseline -0.001 -14"><span class='ocrx_word' id='word_1_161' title='bbox 394 1918 535 1958; x_wconf 87' lang='grc' dir='ltr'><strong><em>καίτοι</em></strong></span> <span class='ocrx_word' id='word_1_162' title='bbox 568 1919 710 1966; x_wconf 85' lang='grc' dir='ltr'><strong><em>καλῶς</em></strong></span> <span class='ocrx_word' id='word_1_163' title='bbox 742 1933 790 1970; x_wconf 78' lang='grc' dir='ltr'><strong><em>γε</em></strong></span> <span class='ocrx_word' id='word_1_164' title='bbox 823 1924 1073 1972; x_wconf 88' lang='grc' dir='ltr'><strong><em>σωφρονεῖν</em></strong></span> <span class='ocrx_word' id='word_1_165' title='bbox 1103 1916 1286 1972; x_wconf 87' lang='grc' dir='ltr'><strong><em>παρεῖχέ</em></strong></span> <span class='ocrx_word' id='word_1_166' title='bbox 1313 1928 1403 1959; x_wconf 89' lang='grc' dir='ltr'><strong><em>σοι·</em></strong></span> <span class='ocrx_word' id='word_1_167' title='bbox 1651 1927 1741 1958; x_wconf 87' lang='lat'>1080</span> 
     </span>
     <span class='ocr_line' id='line_1_26' title="bbox 394 1984 1386 2044; baseline 0 -14"><span class='ocrx_word' id='word_1_168' title='bbox 394 1986 522 2042; x_wconf 79' lang='grc' dir='ltr'><strong><em>ἄνδρ’</em></strong></span> <span class='ocrx_word' id='word_1_169' title='bbox 553 1985 663 2044; x_wconf 81' lang='grc' dir='ltr'><strong><em>εἶχες</em></strong></span> <span class='ocrx_word' id='word_1_170' title='bbox 695 1987 749 2030; x_wconf 89' lang='grc' dir='ltr'><strong><em>οὐ</em></strong></span> <span class='ocrx_word' id='word_1_171' title='bbox 781 1984 952 2030; x_wconf 86' lang='grc' dir='ltr'><strong><em>κακίον’</em></strong></span> <span class='ocrx_word' id='word_1_172' title='bbox 989 1989 1209 2042; x_wconf 83' lang='grc' dir='ltr'><strong><em>Αἰγίσθου</em></strong></span> <span class='ocrx_word' id='word_1_173' title='bbox 1239 1989 1386 2042; x_wconf 85' lang='grc' dir='ltr'><strong><em>πόσιν,</em></strong></span> 
     </span>
     <span class='ocr_line' id='line_1_27' title="bbox 395 2056 1315 2114; baseline -0.001 -14"><span class='ocrx_word' id='word_1_174' title='bbox 395 2059 447 2101; x_wconf 83' lang='grc' dir='ltr'><strong><em>ὃν</em></strong></span> <span class='ocrx_word' id='word_1_175' title='bbox 472 2056 627 2108; x_wconf 80' lang='grc' dir='ltr'><strong><em>Ἑλλὰς</em></strong></span> <span class='ocrx_word' id='word_1_176' title='bbox 660 2058 794 2113; x_wconf 84' lang='grc' dir='ltr'><strong><em>αὑτῆς</em></strong></span> <span class='ocrx_word' id='word_1_177' title='bbox 825 2059 963 2101; x_wconf 83' lang='grc' dir='ltr'><strong><em>εἵλετο</em></strong></span> <span class='ocrx_word' id='word_1_178' title='bbox 996 2058 1315 2114; x_wconf 79' lang='grc' dir='ltr'><strong><em>στρατηλάτην·</em></strong></span> 
     </span>
    </p>
   </div>
   <div class='ocr_carea' id='block_1_3' title="bbox 290 2145 499 2149">
    <p class='ocr_par' dir='ltr' id='par_1_3' title="bbox 290 2145 499 2149">
     <span class='ocr_line' id='line_1_28' title="bbox 290 2145 499 2149; baseline 0 0"><span class='ocrx_word' id='word_1_179' title='bbox 290 2145 499 2149; x_wconf 95' lang='lat' dir='ltr'><strong><em> </em></strong></span> 
     </span>
    </p>
   </div>
   <div class='ocr_carea' id='block_1_4' title="bbox 218 2182 1743 2339">
    <p class='ocr_par' dir='ltr' id='par_1_4' title="bbox 218 2182 1743 2339">
     <span class='ocr_line' id='line_1_29' title="bbox 312 2182 1742 2232; baseline -0.001 -10"><span class='ocrx_word' id='word_1_180' title='bbox 312 2192 402 2223; x_wconf 84' lang='grc'><strong>1057</strong></span> <span class='ocrx_word' id='word_1_181' title='bbox 430 2188 669 2232; x_wconf 75' lang='grc' dir='ltr'><strong><em>ἀπαρνοῦμαι</em></strong></span> <span class='ocrx_word' id='word_1_182' title='bbox 695 2187 735 2222; x_wconf 90' lang='grc' dir='ltr'><strong><em>τὸ</em></strong></span> <span class='ocrx_word' id='word_1_183' title='bbox 762 2187 809 2232; x_wconf 87' lang='grc' dir='ltr'><strong><em>μὴ</em></strong></span> <span class='ocrx_word' id='word_1_184' title='bbox 837 2187 879 2222; x_wconf 76' lang='grc' dir='ltr'><strong><em>οὔ</em></strong></span> <span class='ocrx_word' id='word_1_185' title='bbox 905 2187 1039 2222; x_wconf 80' lang='lat' dir='ltr'><strong>Nauck</strong></span> <span class='ocrx_word' id='word_1_186' title='bbox 1167 2189 1256 2221; x_wconf 83' lang='lat'>1058</span> <span class='ocrx_word' id='word_1_187' title='bbox 1285 2182 1344 2230; x_wconf 74' lang='grc' dir='ltr'><strong><em>ἆρ’</em></strong></span> <span class='ocrx_word' id='word_1_188' title='bbox 1375 2183 1442 2221; x_wconf 79' lang='grc' dir='ltr'><strong><em>οὖν</em></strong></span> <span class='ocrx_word' id='word_1_189' title='bbox 1473 2185 1635 2230; x_wconf 74' lang='lat' dir='ltr'>Doboee,</span> <span class='ocrx_word' id='word_1_190' title='bbox 1675 2185 1742 2221; x_wconf 76' lang='grc' dir='ltr'><strong><em>οὐκ</em></strong></span> 
     </span>
     <span class='ocr_line' id='line_1_30' title="bbox 218 2236 1742 2285; baseline -0.002 -9"><span class='ocrx_word' id='word_1_191' title='bbox 218 2241 290 2285; x_wconf 80' lang='grc' dir='ltr'><strong><em>ἄρα</em></strong></span> <span class='ocrx_word' id='word_1_192' title='bbox 310 2240 410 2275; x_wconf 84' lang='lat' dir='ltr'>Weil</span> <span class='ocrx_word' id='word_1_193' title='bbox 437 2243 475 2275; x_wconf 76' lang='lat' dir='ltr'><strong><em>et</em></strong></span> <span class='ocrx_word' id='word_1_194' title='bbox 499 2239 664 2284; x_wconf 60' lang='lat' dir='ltr'>Kviffiala,</span> <span class='ocrx_word' id='word_1_195' title='bbox 690 2240 774 2275; x_wconf 68' lang='lat' dir='ltr'>fort.</span> <span class='ocrx_word' id='word_1_196' title='bbox 803 2236 862 2283; x_wconf 79' lang='grc' dir='ltr'><strong><em>ἀρ’</em></strong></span> <span class='ocrx_word' id='word_1_197' title='bbox 887 2239 1090 2275; x_wconf 77' lang='grc' dir='ltr'><strong><em>ἐκκαλοῦσα</em></strong></span> <span class='ocrx_word' id='word_1_198' title='bbox 1226 2243 1316 2274; x_wconf 83' lang='grc'><strong>1059</strong></span> <span class='ocrx_word' id='word_1_199' title='bbox 1329 2252 1381 2283; x_wconf 84' lang='lat' dir='ltr'><strong><em>sq.</em></strong></span> <span class='ocrx_word' id='word_1_200' title='bbox 1408 2238 1569 2274; x_wconf 77' lang='lat' dir='ltr'>lineolae</span> <span class='ocrx_word' id='word_1_201' title='bbox 1600 2238 1638 2272; x_wconf 89' lang='lat' dir='ltr'><strong><em>in</em></strong></span> <span class='ocrx_word' id='word_1_202' title='bbox 1664 2238 1742 2273; x_wconf 78' lang='lat' dir='ltr'><strong><em>LG-</em></strong></span> 
     </span>
     <span class='ocr_line' id='line_1_31' title="bbox 220 2290 1743 2339; baseline -0.003 -11"><span class='ocrx_word' id='word_1_203' title='bbox 220 2298 310 2329; x_wconf 84' lang='lat'>1059</span> <span class='ocrx_word' id='word_1_204' title='bbox 347 2293 569 2339; x_wconf 81' lang='grc' dir='ltr'><strong><em>προσθήσω]</em></strong></span> <span class='ocrx_word' id='word_1_205' title='bbox 605 2293 689 2328; x_wconf 75' lang='lat' dir='ltr'><strong>fort.</strong></span> <span class='ocrx_word' id='word_1_206' title='bbox 725 2293 925 2337; x_wconf 81' lang='grc' dir='ltr'><strong><em>προσφύσω</em></strong></span> <span class='ocrx_word' id='word_1_207' title='bbox 1048 2297 1139 2328; x_wconf 90' lang='grc'><strong>1060</strong></span> <span class='ocrx_word' id='word_1_208' title='bbox 1175 2293 1262 2338; x_wconf 75' lang='grc' dir='ltr'><strong><em>εὐχὴ</em></strong></span> <span class='ocrx_word' id='word_1_209' title='bbox 1291 2323 1296 2328; x_wconf 93' lang='grc'>.</span> <span class='ocrx_word' id='word_1_210' title='bbox 1329 2322 1334 2327; x_wconf 91' lang='grc'><strong>.</strong></span> <span class='ocrx_word' id='word_1_211' title='bbox 1367 2290 1585 2338; x_wconf 85' lang='grc' dir='ltr'><strong><em>προοίμιον]</em></strong></span> <span class='ocrx_word' id='word_1_212' title='bbox 1611 2290 1743 2326; x_wconf 74' lang='lat' dir='ltr'>Vitelli</span> 
     </span>
    </p>
   </div>
   <div class='ocr_carea' id='block_1_5' title="bbox 216 2342 1743 2975">
    <p class='ocr_par' dir='ltr' id='par_1_5' title="bbox 216 2342 1743 2975">
     <span class='ocr_line' id='line_1_32' title="bbox 218 2342 1741 2392; baseline -0.003 -10"><span class='ocrx_word' id='word_1_213' title='bbox 218 2345 429 2392; x_wconf 85' lang='grc' dir='ltr'><strong><em>(προοίμιον</em></strong></span> <span class='ocrx_word' id='word_1_214' title='bbox 454 2346 530 2380; x_wconf 81' lang='lat' dir='ltr'><strong><em>iam</em></strong></span> <span class='ocrx_word' id='word_1_215' title='bbox 543 2346 642 2380; x_wconf 83' lang='lat' dir='ltr'>Weil</span> <span class='ocrx_word' id='word_1_216' title='bbox 670 2349 707 2380; x_wconf 73' lang='lat' dir='ltr'><strong><em>et</em></strong></span> <span class='ocrx_word' id='word_1_217' title='bbox 730 2345 909 2391; x_wconf 69' lang='grc' dir='ltr'><strong><em>ΚνίόειΙει),</em></strong></span> <span class='ocrx_word' id='word_1_218' title='bbox 935 2347 1029 2391; x_wconf 85' lang='grc' dir='ltr'><strong><em>ἀρχὴ</em></strong></span> <span class='ocrx_word' id='word_1_219' title='bbox 1052 2375 1058 2380; x_wconf 96' lang='grc'>.</span> <span class='ocrx_word' id='word_1_220' title='bbox 1082 2345 1303 2390; x_wconf 87' lang='grc' dir='ltr'><strong><em>,προοιμίου</em></strong></span> <span class='ocrx_word' id='word_1_221' title='bbox 1329 2346 1407 2381; x_wconf 79' lang='lat' dir='ltr'><strong><em>LG</em></strong></span> <span class='ocrx_word' id='word_1_222' title='bbox 1482 2348 1572 2379; x_wconf 83' lang='lat'><strong><em>1062</em></strong></span> <span class='ocrx_word' id='word_1_223' title='bbox 1599 2342 1741 2390; x_wconf 79' lang='grc' dir='ltr'><strong><em>φέρειν]</em></strong></span> 
     </span>
     <span class='ocr_line' id='line_1_33' title="bbox 216 2396 1742 2445; baseline -0.003 -10"><span class='ocrx_word' id='word_1_224' title='bbox 216 2401 375 2444; x_wconf 59' lang='grc' dir='ltr'><strong><em>Ροτεοῃ,</em></strong></span> <span class='ocrx_word' id='word_1_225' title='bbox 395 2397 498 2444; x_wconf 79' lang='grc' dir='ltr'><strong><em>φέρει</em></strong></span> <span class='ocrx_word' id='word_1_226' title='bbox 525 2399 603 2434; x_wconf 80' lang='lat' dir='ltr'><strong><em>LG</em></strong></span> <span class='ocrx_word' id='word_1_227' title='bbox 688 2403 777 2434; x_wconf 82' lang='lat'>1065</span> <span class='ocrx_word' id='word_1_228' title='bbox 804 2399 987 2445; x_wconf 79' lang='grc' dir='ltr'><strong><em>ἀπῴχετο]</em></strong></span> <span class='ocrx_word' id='word_1_229' title='bbox 1014 2399 1178 2442; x_wconf 82' lang='lat' dir='ltr'>Pierson,</span> <span class='ocrx_word' id='word_1_230' title='bbox 1204 2400 1366 2434; x_wconf 78' lang='grc' dir='ltr'><strong><em>ἀπώλετο</em></strong></span> <span class='ocrx_word' id='word_1_231' title='bbox 1393 2398 1471 2434; x_wconf 78' lang='lat' dir='ltr'><strong><em>LG</em></strong></span> <span class='ocrx_word' id='word_1_232' title='bbox 1555 2400 1646 2432; x_wconf 89' lang='grc'><strong>1068</strong></span> <span class='ocrx_word' id='word_1_233' title='bbox 1673 2396 1742 2442; x_wconf 76' lang='grc' dir='ltr'><strong><em>ἐγώ</em></strong></span> 
     </span>
     <span class='ocr_line' id='line_1_34' title="bbox 217 2449 1742 2500; baseline -0.003 -12"><span class='ocrx_word' id='word_1_234' title='bbox 217 2453 270 2500; x_wconf 92' lang='grc' dir='ltr'><strong><em>σ’]</em></strong></span> <span class='ocrx_word' id='word_1_235' title='bbox 296 2453 480 2498; x_wconf 78' lang='lat' dir='ltr'>Hartung‚</span> <span class='ocrx_word' id='word_1_236' title='bbox 507 2451 613 2498; x_wconf 74' lang='grc' dir='ltr'><strong><em>ἔγωγ’</em></strong></span> <span class='ocrx_word' id='word_1_237' title='bbox 638 2452 716 2488; x_wconf 82' lang='lat' dir='ltr'><strong><em>LG</em></strong></span> <span class='ocrx_word' id='word_1_238' title='bbox 739 2452 743 2499; x_wconf 88' lang='grc' dir='ltr'>Ι</span> <span class='ocrx_word' id='word_1_239' title='bbox 767 2451 871 2498; x_wconf 76' lang='grc' dir='ltr'><strong><em>ἔγωγ’</em></strong></span> <span class='ocrx_word' id='word_1_240' title='bbox 903 2451 1001 2487; x_wconf 77' lang='grc' dir='ltr'><strong><em>ἴσασί</em></strong></span> <span class='ocrx_word' id='word_1_241' title='bbox 1028 2451 1060 2487; x_wconf 83' lang='grc' dir='ltr'><strong><em>σ’</em></strong></span> <span class='ocrx_word' id='word_1_242' title='bbox 1090 2453 1230 2487; x_wconf 88' lang='lat' dir='ltr'>Porson</span> <span class='ocrx_word' id='word_1_243' title='bbox 1352 2456 1442 2486; x_wconf 83' lang='lat'><strong><em>1069</em></strong></span> <span class='ocrx_word' id='word_1_244' title='bbox 1469 2450 1562 2497; x_wconf 76' lang='grc' dir='ltr'><strong><em>ἥτις]</em></strong></span> <span class='ocrx_word' id='word_1_245' title='bbox 1588 2451 1626 2486; x_wconf 88' lang='lat' dir='ltr'><strong><em>L.</em></strong></span> <span class='ocrx_word' id='word_1_246' title='bbox 1653 2449 1742 2484; x_wconf 87' lang='lat' dir='ltr'><strong>Din-</strong></span> 
     </span>
     <span class='ocr_line' id='line_1_35' title="bbox 218 2502 1743 2551; baseline -0.002 -10"><span class='ocrx_word' id='word_1_247' title='bbox 218 2507 311 2551; x_wconf 83' lang='lat' dir='ltr'><strong>dorf,</strong></span> <span class='ocrx_word' id='word_1_248' title='bbox 337 2506 358 2551; x_wconf 85' lang='grc' dir='ltr'>ἣ</span> <span class='ocrx_word' id='word_1_249' title='bbox 386 2512 450 2551; x_wconf 88' lang='grc' dir='ltr'><strong><em>τῆς</em></strong></span> <span class='ocrx_word' id='word_1_250' title='bbox 469 2506 548 2541; x_wconf 81' lang='lat' dir='ltr'><strong><em>LG</em></strong></span> <span class='ocrx_word' id='word_1_251' title='bbox 623 2509 712 2539; x_wconf 89' lang='lat'>1071</span> <span class='ocrx_word' id='word_1_252' title='bbox 736 2505 980 2549; x_wconf 57' lang='grc' dir='ltr'><strong><em>ἐξήσκειλθ,</em></strong></span> <span class='ocrx_word' id='word_1_253' title='bbox 1007 2505 1169 2549; x_wconf 79' lang='grc' dir='ltr'><strong><em>ἐξήσκεις</em></strong></span> <span class='ocrx_word' id='word_1_254' title='bbox 1192 2518 1215 2551; x_wconf 72' lang='lat' dir='ltr'><strong><em>y</em></strong></span> <span class='ocrx_word' id='word_1_255' title='bbox 1289 2509 1378 2539; x_wconf 84' lang='lat'>1072</span> <span class='ocrx_word' id='word_1_256' title='bbox 1403 2504 1494 2550; x_wconf 80' lang='grc' dir='ltr'><strong><em>γυνὴ</em></strong></span> <span class='ocrx_word' id='word_1_257' title='bbox 1521 2503 1557 2539; x_wconf 83' lang='grc' dir='ltr'><strong><em>δ’</em></strong></span> <span class='ocrx_word' id='word_1_258' title='bbox 1581 2502 1743 2543; x_wconf 81' lang='grc' dir='ltr'><strong><em>ἀπόντος</em></strong></span> 
     </span>
     <span class='ocr_line' id='line_1_36' title="bbox 222 2555 1742 2605; baseline -0.003 -10"><span class='ocrx_word' id='word_1_259' title='bbox 222 2560 298 2605; x_wconf 72' lang='grc' dir='ltr'><strong><em>ἥτις</em></strong></span> <span class='ocrx_word' id='word_1_260' title='bbox 323 2559 461 2603; x_wconf 74' lang='grc' dir='ltr'><strong><em>ἀνδρὸς</em></strong></span> <span class='ocrx_word' id='word_1_261' title='bbox 486 2558 525 2593; x_wconf 81' lang='grc' dir='ltr'><strong><em>ἐκ</em></strong></span> <span class='ocrx_word' id='word_1_262' title='bbox 553 2557 676 2603; x_wconf 86' lang='grc' dir='ltr'><strong><em>δόμων</em></strong></span> <span class='ocrx_word' id='word_1_263' title='bbox 696 2558 753 2592; x_wconf 82' lang='lat' dir='ltr'><strong><em>vel</em></strong></span> <span class='ocrx_word' id='word_1_264' title='bbox 779 2557 859 2603; x_wconf 75' lang='grc' dir='ltr'><strong><em>ἥτις</em></strong></span> <span class='ocrx_word' id='word_1_265' title='bbox 884 2557 919 2592; x_wconf 87' lang='grc' dir='ltr'><strong><em>δ’</em></strong></span> <span class='ocrx_word' id='word_1_266' title='bbox 944 2557 1106 2599; x_wconf 80' lang='grc' dir='ltr'><strong><em>ἀπόντος</em></strong></span> <span class='ocrx_word' id='word_1_267' title='bbox 1131 2559 1268 2603; x_wconf 88' lang='grc' dir='ltr'><strong><em>ἀνδρὸς</em></strong></span> <span class='ocrx_word' id='word_1_268' title='bbox 1293 2558 1332 2593; x_wconf 81' lang='grc' dir='ltr'><strong><em>ἐκ</em></strong></span> <span class='ocrx_word' id='word_1_269' title='bbox 1354 2557 1477 2602; x_wconf 89' lang='grc' dir='ltr'><strong><em>δόμων</em></strong></span> <span class='ocrx_word' id='word_1_270' title='bbox 1503 2556 1595 2603; x_wconf 79' lang='grc' dir='ltr'><strong><em>γυνὴ</em></strong></span> <span class='ocrx_word' id='word_1_271' title='bbox 1615 2555 1742 2591; x_wconf 89' lang='lat' dir='ltr'>Heim-</span> 
     </span>
     <span class='ocr_line' id='line_1_37' title="bbox 219 2607 1742 2657; baseline -0.003 -10"><span class='ocrx_word' id='word_1_272' title='bbox 219 2613 336 2656; x_wconf 59' lang='lat' dir='ltr'>soem,</span> <span class='ocrx_word' id='word_1_273' title='bbox 362 2611 441 2657; x_wconf 77' lang='grc' dir='ltr'><strong><em>ἥτις</em></strong></span> <span class='ocrx_word' id='word_1_274' title='bbox 467 2610 502 2646; x_wconf 87' lang='grc' dir='ltr'><strong><em>δ’</em></strong></span> <span class='ocrx_word' id='word_1_275' title='bbox 527 2610 688 2651; x_wconf 76' lang='grc' dir='ltr'><strong><em>ἀπόντος</em></strong></span> <span class='ocrx_word' id='word_1_276' title='bbox 715 2610 754 2645; x_wconf 80' lang='grc' dir='ltr'><strong><em>ἐκ</em></strong></span> <span class='ocrx_word' id='word_1_277' title='bbox 780 2609 904 2654; x_wconf 86' lang='grc' dir='ltr'><strong><em>δόμων</em></strong></span> <span class='ocrx_word' id='word_1_278' title='bbox 931 2610 1068 2655; x_wconf 85' lang='grc' dir='ltr'><strong><em>ἀνδρὸς</em></strong></span> <span class='ocrx_word' id='word_1_279' title='bbox 1094 2611 1185 2657; x_wconf 80' lang='grc' dir='ltr'><strong><em>γυνὴ</em></strong></span> <span class='ocrx_word' id='word_1_280' title='bbox 1210 2611 1266 2646; x_wconf 80' lang='lat' dir='ltr'><strong><em>vel</em></strong></span> <span class='ocrx_word' id='word_1_281' title='bbox 1293 2610 1431 2654; x_wconf 87' lang='grc' dir='ltr'><strong><em>ἀνδρὸς</em></strong></span> <span class='ocrx_word' id='word_1_282' title='bbox 1455 2609 1490 2645; x_wconf 84' lang='grc' dir='ltr'><strong><em>δ’</em></strong></span> <span class='ocrx_word' id='word_1_283' title='bbox 1515 2607 1677 2649; x_wconf 81' lang='grc' dir='ltr'><strong><em>ἀπόντος</em></strong></span> <span class='ocrx_word' id='word_1_284' title='bbox 1702 2607 1742 2642; x_wconf 80' lang='grc' dir='ltr'><strong><em>ἐκ</em></strong></span> 
     </span>
     <span class='ocr_line' id='line_1_38' title="bbox 219 2662 1740 2710; baseline -0.003 -9"><span class='ocrx_word' id='word_1_285' title='bbox 219 2665 342 2710; x_wconf 89' lang='grc' dir='ltr'><strong><em>δόμων</em></strong></span> <span class='ocrx_word' id='word_1_286' title='bbox 362 2665 441 2710; x_wconf 75' lang='grc' dir='ltr'><strong><em>ἥτις</em></strong></span> <span class='ocrx_word' id='word_1_287' title='bbox 454 2664 546 2710; x_wconf 78' lang='grc' dir='ltr'><strong><em>γυνὴ</em></strong></span> <span class='ocrx_word' id='word_1_288' title='bbox 560 2664 693 2698; x_wconf 77' lang='lat' dir='ltr'>Nauck</span> <span class='ocrx_word' id='word_1_289' title='bbox 763 2668 852 2698; x_wconf 85' lang='lat'><strong><em>1073</em></strong></span> <span class='ocrx_word' id='word_1_290' title='bbox 869 2663 1055 2709; x_wconf 79' lang='grc' dir='ltr'><strong><em>διάγραφε</em></strong></span> <span class='ocrx_word' id='word_1_291' title='bbox 1069 2666 1114 2709; x_wconf 86' lang='lat' dir='ltr'><strong><em>L,</em></strong></span> <span class='ocrx_word' id='word_1_292' title='bbox 1135 2663 1315 2710; x_wconf 76' lang='grc' dir='ltr'><strong><em>διάγραφ’</em></strong></span> <span class='ocrx_word' id='word_1_293' title='bbox 1335 2664 1389 2699; x_wconf 76' lang='lat' dir='ltr'><strong><em>IG</em></strong></span> <span class='ocrx_word' id='word_1_294' title='bbox 1459 2667 1549 2697; x_wconf 84' lang='lat'>1074</span> <span class='ocrx_word' id='word_1_295' title='bbox 1563 2662 1740 2707; x_wconf 83' lang='grc' dir='ltr'><strong><em>θύρασιν]</em></strong></span> 
     </span>
     <span class='ocr_line' id='line_1_39' title="bbox 217 2714 1671 2764; baseline -0.002 -11"><span class='ocrx_word' id='word_1_296' title='bbox 217 2718 393 2763; x_wconf 59' lang='grc' dir='ltr'><strong><em>ΕΙῙᾙΕῙΘῩ,</em></strong></span> <span class='ocrx_word' id='word_1_297' title='bbox 420 2718 598 2761; x_wconf 77' lang='grc' dir='ltr'><strong><em>θύραισιν</em></strong></span> <span class='ocrx_word' id='word_1_298' title='bbox 623 2718 701 2752; x_wconf 79' lang='lat' dir='ltr'><strong><em>LG</em></strong></span> <span class='ocrx_word' id='word_1_299' title='bbox 776 2721 866 2751; x_wconf 83' lang='lat'><strong><em>1076</em></strong></span> <span class='ocrx_word' id='word_1_300' title='bbox 894 2717 1027 2764; x_wconf 90' lang='grc' dir='ltr'><strong><em>μόνην]</em></strong></span> <span class='ocrx_word' id='word_1_301' title='bbox 1053 2718 1091 2752; x_wconf 86' lang='lat' dir='ltr'><strong><em>in</em></strong></span> <span class='ocrx_word' id='word_1_302' title='bbox 1118 2718 1173 2752; x_wconf 84' lang='lat' dir='ltr'><strong><em>ed.</em></strong></span> <span class='ocrx_word' id='word_1_303' title='bbox 1201 2729 1275 2762; x_wconf 81' lang='lat' dir='ltr'><strong>rep.</strong></span> <span class='ocrx_word' id='word_1_304' title='bbox 1297 2716 1448 2759; x_wconf 57' lang='lat' dir='ltr'><strong>Victor„</strong></span> <span class='ocrx_word' id='word_1_305' title='bbox 1478 2714 1571 2760; x_wconf 89' lang='grc' dir='ltr'><strong><em>μόνη</em></strong></span> <span class='ocrx_word' id='word_1_306' title='bbox 1593 2715 1671 2750; x_wconf 71' lang='lat' dir='ltr'><strong><em>LG-</em></strong></span> 
     </span>
     <span class='ocr_line' id='line_1_40' title="bbox 220 2764 1737 2817; baseline -0.003 -11"><span class='ocrx_word' id='word_1_307' title='bbox 220 2776 308 2806; x_wconf 86' lang='lat'>1077</span> <span class='ocrx_word' id='word_1_308' title='bbox 337 2772 380 2806; x_wconf 81' lang='grc' dir='ltr'><strong><em>τὰ</em></strong></span> <span class='ocrx_word' id='word_1_309' title='bbox 413 2772 549 2815; x_wconf 82' lang='grc' dir='ltr'><strong><em>Τρώων</em></strong></span> <span class='ocrx_word' id='word_1_310' title='bbox 575 2770 736 2816; x_wconf 76' lang='grc' dir='ltr'><strong><em>εὐτυχοῖ]</em></strong></span> <span class='ocrx_word' id='word_1_311' title='bbox 756 2771 952 2815; x_wconf 78' lang='lat' dir='ltr'>Musgrave</span> <span class='ocrx_word' id='word_1_312' title='bbox 979 2770 1036 2815; x_wconf 67' lang='grc' dir='ltr'><strong><em>(τὰ</em></strong></span> <span class='ocrx_word' id='word_1_313' title='bbox 1061 2769 1155 2817; x_wconf 82' lang='grc' dir='ltr'><strong><em>Τρῷ’</em></strong></span> <span class='ocrx_word' id='word_1_314' title='bbox 1186 2766 1232 2814; x_wconf 83' lang='grc' dir='ltr'><strong><em>ἧν</em></strong></span> <span class='ocrx_word' id='word_1_315' title='bbox 1261 2770 1391 2815; x_wconf 78' lang='grc' dir='ltr'><strong><em>εὐτυχῆ</em></strong></span> <span class='ocrx_word' id='word_1_316' title='bbox 1413 2769 1573 2814; x_wconf 67' lang='lat' dir='ltr'>Canber)‚</span> <span class='ocrx_word' id='word_1_317' title='bbox 1598 2764 1737 2813; x_wconf 79' lang='grc' dir='ltr'><strong><em>πατρῷ’</em></strong></span> 
     </span>
     <span class='ocr_line' id='line_1_41' title="bbox 221 2820 1647 2870; baseline -0.004 -11"><span class='ocrx_word' id='word_1_318' title='bbox 221 2821 265 2868; x_wconf 88' lang='grc' dir='ltr'><strong><em>ἧν</em></strong></span> <span class='ocrx_word' id='word_1_319' title='bbox 297 2825 428 2870; x_wconf 72' lang='grc' dir='ltr'><strong><em>εὐτυχῆ</em></strong></span> <span class='ocrx_word' id='word_1_320' title='bbox 462 2825 540 2860; x_wconf 80' lang='lat' dir='ltr'><strong><em>LG</em></strong></span> <span class='ocrx_word' id='word_1_321' title='bbox 671 2827 761 2858; x_wconf 87' lang='grc'><strong>1078</strong></span> <span class='ocrx_word' id='word_1_322' title='bbox 797 2823 1075 2870; x_wconf 81' lang='grc' dir='ltr'><strong><em>σνννέφουσαν]</em></strong></span> <span class='ocrx_word' id='word_1_323' title='bbox 1111 2823 1244 2866; x_wconf 73' lang='lat' dir='ltr'>Cobet,</span> <span class='ocrx_word' id='word_1_324' title='bbox 1283 2827 1539 2866; x_wconf 80' lang='grc' dir='ltr'><strong><em>συννεφοῦσαν</em></strong></span> <span class='ocrx_word' id='word_1_325' title='bbox 1569 2820 1647 2855; x_wconf 78' lang='lat' dir='ltr'><strong><em>LG</em></strong></span> 
     </span>
     <span class='ocr_line' id='line_1_42' title="bbox 221 2871 1739 2923; baseline -0.003 -12"><span class='ocrx_word' id='word_1_326' title='bbox 221 2881 310 2911; x_wconf 82' lang='grc'><strong>1079</strong></span> <span class='ocrx_word' id='word_1_327' title='bbox 338 2877 439 2911; x_wconf 69' lang='lat' dir='ltr'>delet</span> <span class='ocrx_word' id='word_1_328' title='bbox 464 2877 597 2911; x_wconf 79' lang='lat' dir='ltr'>Nauck</span> <span class='ocrx_word' id='word_1_329' title='bbox 672 2880 762 2911; x_wconf 84' lang='lat'>1080</span> <span class='ocrx_word' id='word_1_330' title='bbox 783 2877 949 2923; x_wconf 82' lang='grc' dir='ltr'><strong><em>παρεῖχε]</em></strong></span> <span class='ocrx_word' id='word_1_331' title='bbox 971 2877 1053 2911; x_wconf 82' lang='lat' dir='ltr'>fort.</span> <span class='ocrx_word' id='word_1_332' title='bbox 1074 2877 1213 2922; x_wconf 85' lang='grc' dir='ltr'><strong><em>ὑπῆρχε</em></strong></span> <span class='ocrx_word' id='word_1_333' title='bbox 1290 2879 1378 2910; x_wconf 80' lang='grc'><strong>1082</strong></span> <span class='ocrx_word' id='word_1_334' title='bbox 1399 2874 1527 2920; x_wconf 78' lang='grc' dir='ltr'><strong><em>αὐτῆς]</em></strong></span> <span class='ocrx_word' id='word_1_335' title='bbox 1542 2871 1739 2914; x_wconf 74' lang='lat' dir='ltr'>Victorius,</span> 
     </span>
     <span class='ocr_line' id='line_1_43' title="bbox 220 2930 892 2975; baseline -0.001 -10"><span class='ocrx_word' id='word_1_336' title='bbox 220 2930 333 2975; x_wconf 82' lang='grc' dir='ltr'><strong><em>αὐτῆς</em></strong></span> <span class='ocrx_word' id='word_1_337' title='bbox 359 2930 438 2965; x_wconf 82' lang='lat' dir='ltr'><strong><em>LG</em></strong></span> <span class='ocrx_word' id='word_1_338' title='bbox 479 2933 484 2974; x_wconf 91' lang='grc' dir='ltr'>Ι</span> <span class='ocrx_word' id='word_1_339' title='bbox 524 2930 606 2965; x_wconf 75' lang='lat' dir='ltr'>fort.</span> <span class='ocrx_word' id='word_1_340' title='bbox 635 2932 892 2975; x_wconf 82' lang='grc' dir='ltr'><strong><em>στρατηλατεῖν</em></strong></span> 
     </span>
    </p>
   </div>
  </div>
 </body>
</html>
