1929 3208
247 149 302 190 224
875 147 1143 181 wrvmmoT

457 264 568 298 τοῖσι.
602 263 696 305 σοῖς
729 255 775 296 ἐν
808 255 998 309 ἄντροις,

460 328 530 368 ἵνα
564 327 748 369 τεκοῦσά
781 342 845 375 τις

459 396 696 452 παρθένος,
730 394 763 438 ὦ
797 395 942 452 μελέα,
975 394 1140 451 βρέφος

464 471 629 526 Φοίβῳ,
661 476 842 518 πτανοῖς
875 468 1050 522 ἐξώρισε
1083 469 1247 510 θοίναν

459 542 601 595 θηρσί
630 556 673 582 τε
706 542 889 594 φοινίαν
922 541 1064 591 δαῖτα,
1097 547 1266 593 πικρῶν
1297 539 1448 593 γάμων
1706 549 1772 580 505

467 611 605 665 ἱῗβριν.
669 610 760 652 οὔτ’
797 608 865 652 ἐπὶ
898 612 1094 664 κερκίσιν
1127 610 1227 652 οὔτε
1261 612 1406 664 λόγων

465 682 599 736 φάτιν
633 682 732 723 ἄιον
763 681 966 735 εὐτυχίας
997 680 1192 736 μετέχειν

460 756 628 795 θεόθεν
660 751 788 794 τέκνα
821 757 1015 802 θνατοῖς.

965 895 1060 927 ῙΩΝ.

410 968 654 1020 πρόσπολοι
676 973 894 1020 γυναῖκες,
917 968 964 1007 αἳ
980 963 1110 1007 τῶνδ’
1139 964 1250 1020 ἀμφὶ
1271 966 1484 1020 κρηπῖδας
1505 966 1654 1020 δόμων
1711 975 1778 1006 510

410 1039 647 1079 θυοδόκων
680 1033 901 1091 φρούρημ’
939 1038 1116 1091 ἔχουσαι
1150 1038 1367 1091 δεσπότην
1400 1036 1659 1089 φυλάσσετε,

413 1105 624 1150 ἐκλέλοιπ’
661 1108 745 1161 ἤδη
780 1109 856 1150 τὸν
891 1109 1010 1160 ἶερὸν
1042 1108 1228 1162 τρίποδα
1261 1105 1331 1149 καὶ
1363 1107 1630 1162 χρηστήριον

411 1180 602 1231 Ξοῦθος,
634 1178 660 1233 ἢ
694 1181 841 1233 μίμνει
873 1175 965 1220 κατ’
1002 1175 1126 1221 οἷκον
1160 1179 1348 1232 ι”στορῶν
1381 1178 1610 1228 ἀπαιδίαν;

254 1254 343 1292 ΧΟ.
416 1250 463 1292 ἐν
490 1251 643 1303 δόμοις
670 1247 775 1302 ἔστ’,
810 1247 843 1291 ὦ
871 1246 977 1300 ξέν’·
1013 1250 1134 1291 οὔπω
1163 1245 1271 1303 δῶμ’
1301 1249 1556 1303 ὑπερβαίνει
1581 1249 1695 1291 τόδε.

413 1322 470 1371 ὡς
497 1319 535 1362 δ’
570 1319 634 1362 ἐπ’
668 1319 886 1371 ἐξόδοισιν
913 1321 1040 1369 ὄντος
1064 1317 1196 1362 τῶνδ’
1228 1319 1447 1374 ἀκούομεν
1474 1323 1627 1362 πυλῶν
1713 1330 1780 1361 515

415 1394 598 1445 δοῦπον,
632 1390 803 1442 ἐξιόντα
835 1389 874 1432 τ’
912 1392 996 1445 ἤδη
1030 1392 1247 1445 δεσπότην
1281 1391 1390 1445 ὁρᾶν
1422 1391 1551 1445 πάρα.

254 1464 381 1512 ΞΟΓ.
415 1460 447 1505 ὦ
475 1461 645 1516 τέκνον,
671 1460 809 1518 χαῖρ’·
837 1462 863 1516 ἡ
890 1463 973 1517 γὰρ
1001 1462 1110 1517 ἀρχὴ
1138 1468 1217 1504 τοῦ
1243 1464 1380 1516 λόγου
1405 1462 1632 1517 πρέπουσά
1657 1477 1744 1517 μοι.

254 1537 382 1577 ΙΩΝ.
416 1536 642 1589 χαίρομεν·
664 1535 720 1575 σὺ
742 1531 781 1575 δ’
807 1530 856 1575 εὖ
877 1535 1032 1588 φρόνει
1054 1549 1116 1587 γε,
1142 1532 1213 1574 καὶ
1236 1531 1303 1575 δύ’
1330 1531 1421 1575 ὄντ’
1447 1534 1494 1575 ἓν
1513 1533 1745 1588 πράξομεν.

256 1608 382 1655 ΞΟΤ.
417 1606 491 1656 δὸς
522 1605 648 1660 χερὸς
680 1605 850 1660 φίλημά
882 1620 955 1659 μοι
989 1610 1067 1659 σῆς
1099 1605 1298 1659 σώματός
1330 1602 1366 1645 τ’
1405 1604 1693 1660 ἀμφιπτυχάς.

255 1680 383 1720 ΙΩΝ.
416 1673 465 1719 εὗ
486 1683 667 1732 φρονεῖς
688 1674 789 1731 μέν;
810 1676 836 1729 ἤ
858 1673 895 1717 σ’
922 1677 1052 1730 ἔμηνε
1072 1680 1184 1718 θεοῦ
1204 1692 1280 1730 τις,
1301 1673 1334 1717 ὦ
1357 1674 1465 1730 ξένε,
1484 1676 1645 1731 βλάβης
1715 1686 1783 1718 520

257 1750 383 1797 ΞΟΤ.
419 1749 477 1798 ὡς
503 1750 548 1790 τί
571 1748 624 1802 δὴ
652 1747 831 1802 φεύγεις
857 1762 907 1801 με
935 1753 1101 1789 σαυτοῦ
1123 1748 1343 1802 γνωρίσας
1362 1747 1414 1788 τὰ
1434 1749 1637 1802 φίλτατα;
1712 1758 1780 1788 525

256 1822 385 1862 ΙῼΝ.
418 1819 471 1861 οὐ
503 1822 618 1873 φιλῶ
651 1825 830 1873 φρενῶν
862 1818 1074 1873 ἀμοίρους
1105 1816 1177 1859 καὶ
1209 1820 1454 1873 μεμηνότας
1480 1817 1643 1868 ξένους.
1716 1829 1782 1860 526

258 1892 386 1939 ΞΟΤ.
420 1890 472 1932 οὐ
504 1897 674 1945 φρονῶ,
704 1889 757 1931 τὰ
789 1887 972 1943 φίλταθ’
1008 1889 1152 1943 εὑρὼν
1185 1890 1226 1930 εί
1255 1892 1402 1943 φιλεῖν
1434 1889 1626 1944 ἐφιέμαι;
1716 1900 1781 1930 521

257 1964 386 2004 ΙῼΝ.
417 1967 542 2014 παῦε,
575 1961 633 2015 μὴ
660 1961 832 2010 ψαύσας
858 1961 909 2001 τὰ
935 1966 1014 2002 τοῦ
1039 1964 1151 2002 θεοῦ
1177 1959 1395 2015 στέμματα
1423 1960 1555 2015 ῥήξῃς
1580 1962 1683 2015 χερί.

261 2034 387 2081 ΞΟΤ.
421 2033 603 2086 ἅψομαι·
636 2032 717 2074 κού
750 2031 954 2086 ῥυσιάζω,
985 2030 1099 2085 τάμὰ
1132 2029 1171 2072 δ’
1210 2031 1396 2085 εὑρίσκω
1429 2033 1548 2086 φίλα.

260 2104 388 2145 ΙῼΝ.
423 2103 504 2145 οὐκ
529 2102 768 2157 ἀπαλλάξῃ,
793 2100 897 2155 πρὶν
925 2106 1024 2144 εἵσω
1051 2101 1153 2153 τόξα
1179 2103 1440 2156 πλευμόνων
1467 2105 1638 2157 λαβεῖν;
1717 2113 1785 2144 524

357 2259 424 2289 504
464 2255 609 2298 ἐξώρισε
636 2255 723 2298 LP,
757 2254 925 2297 ἐξώρισεν
964 2255 992 2297 Ζ,
1032 2252 1181 2297 ἐξορίζει
1219 2254 1388 2288 Badham
1509 2258 1576 2288 505
1616 2252 1785 2300 φοινίαν]

259 2308 455 2352 Matthiae,
482 2306 621 2352 φονίαν
647 2308 727 2342 LP
821 2311 887 2341 506
914 2306 1046 2353 λόγων]
1073 2307 1252 2351 Βῑιᾶὴῑὶω,
1279 2305 1401 2352 λόγοις
1426 2308 1504 2341 LP
1598 2312 1663 2341 511
1692 2311 1785 2343 θυο-

261 2361 395 2402 δόκους
420 2361 610 2396 Hermann
632 2362 636 2405 Ι
661 2360 822 2406 ἔχουσαι]
849 2360 892 2395 H.
916 2360 1136 2405 Stephanus,
1163 2359 1293 2405 ἔχοντα
1319 2361 1399 2394 LP
1493 2364 1560 2395 513
1587 2359 1786 2395 εὐπαιδίαν

260 2417 290 2451 J.
312 2415 475 2450 Heiland
549 2419 616 2448 514
644 2413 752 2449 ἔνδον
779 2412 849 2448 ἔστ’
882 2412 930 2447 ἔτ’
954 2413 1090 2448 Jacobs
1165 2417 1232 2447 515
1260 2412 1389 2460 τῶνδ’]
1414 2412 1518 2448 τόνδ’
1549 2413 1612 2448 Ge.
1635 2413 1787 2448 Schmid

356 2472 421 2502 517
449 2467 471 2512 ἡ
498 2467 584 2513 γὰρ]
610 2465 675 2512 [ἥδε
702 2465 736 2512 γ’
767 2466 935 2501 Badham
1026 2470 1093 2501 518
1122 2465 1176 2513 ἓν]
1203 2466 1344 2512 scripsi,
1372 2464 1411 2501 εὖ
1438 2467 1517 2501 LP
1606 2471 1673 2501 519
1699 2467 1786 2502 inde

262 2523 309 2557 ab
334 2523 404 2556 hoc
424 2534 455 2556 v.
476 2520 638 2555 lineolae
663 2521 850 2565 praefixae
876 2519 915 2553 in
936 2520 971 2553 P
994 2519 1145 2564 (omissa
1166 2524 1232 2555 539
1254 2523 1340 2555 ante
1359 2520 1382 2565 ἡ
1402 2520 1506 2566 τύχη)
1591 2524 1658 2554 520
1679 2519 1782 2565 ἔμην’

263 2576 302 2610 ἐκ
330 2575 393 2610 Ch.
420 2574 530 2609 Baier
638 2577 778 2608 521-4
802 2575 887 2618 post
913 2577 980 2607 526
1006 2572 1219 2618 transposui
1244 2576 1325 2618 (523
1341 2585 1392 2617 sq.
1419 2574 1504 2617 post
1529 2576 1597 2607 526
1629 2572 1788 2608 collocat

262 2629 325 2663 Ge.
367 2627 530 2671 Schmid)
652 2630 717 2661 521
753 2627 795 2661 οὐ
828 2627 970 2672 φρονῶ]
1009 2626 1161 2670 Jacobs,
1200 2633 1378 2671 σωφρονῶ
1410 2627 1489 2660 LP
1509 2628 1513 2670 Ι
1537 2632 1669 2671 φυγεῖν
1697 2626 1785 2669 LP,

263 2684 383 2726 φιλεῖν
404 2682 416 2715 Ζ
494 2685 561 2715 522
588 2681 628 2715 τὸ
654 2685 719 2715 τοῦ
748 2708 754 2714 .
778 2709 784 2714 .
813 2678 949 2723 στέμμα
976 2684 1018 2724 σῇ
1039 2679 1196 2725 Hilberg
1218 2681 1222 2725 Ι
1246 2677 1366 2725 ῥήξεις
1386 2680 1465 2714 LP
1535 2683 1602 2713 523
1623 2679 1785 2723 ἅπτομαι

262 2735 404 2779 Kayser
426 2735 430 2781 Ι
454 2733 607 2777 εὑρίσκω
639 2734 745 2780 φίλα]
777 2733 859 2767 fort.
894 2731 1071 2775 εὑρίσκων
1097 2732 1173 2778 ἄγω
1271 2737 1339 2768 524
1371 2730 1590 2777 πνευμόνων
1615 2733 1694 2767 LP

264 2791 331 2822 525
358 2788 415 2833 με]
435 2787 570 2830 Heaffl,
598 2786 657 2831 ἐμὲ
677 2787 778 2832 LP1
801 2798 861 2831 με;
888 2792 1023 2820 σαυτοῦ
1050 2787 1230 2831 γνώρισον
1249 2786 1437 2820 Hermann
1510 2788 1578 2819 526
1604 2785 1648 2819 οὐ
1675 2785 1784 2830 φιλῶ]

265 2840 441 2885 Scaliger,
475 2839 609 2884 ὀφείλω
632 2841 734 2885 LP}
758 2846 903 2884 φρενῶν
932 2840 973 2882 Ρ,
1001 2845 1164 2883 φρενοῦν
1190 2840 1224 2874 L
1247 2840 1251 2885 Ι
1275 2838 1464 2885 ἀμοίρους]
1490 2837 1640 2881 Nauck,
1671 2837 1785 2882 ἀμού-

265 2904 350 2932 σους
376 2894 454 2927 LP
