1929 3208
820 169 1059 202 APPENDIX
1650 166 1708 208 83

275 276 364 308 1580
393 272 588 319 Ἐργαδεῖς
618 273 827 319 musgrave.
879 273 968 308 Post
1002 276 1090 308 1580
1122 272 1301 308 nonnulla
1333 273 1461 308 deesse
1494 272 1708 317 suspicatur

177 326 372 362 Kirchhoff
466 331 554 362 1581
583 326 621 361 ἓν
648 328 766 371 φῦλον
791 327 991 371 Hermann,
1018 327 1053 362 οἳ
1078 325 1229 370 τοῦνομ’
1261 325 1323 360 Ge.
1353 325 1503 360 Schmid

273 383 361 414 1591
390 378 579 414 Πελοπίαν
605 380 655 425 χὼ
682 379 850 423 δεύτερος
870 380 987 414 Bothe
1075 384 1165 414 1594
1191 380 1282 414 λαὸν
1309 407 1315 414 .
1340 407 1346 414 .
1374 378 1568 424 ἐπώνυμον
1589 378 1704 423 Paley

273 436 506 467 1595—1600
532 432 632 467 delet
659 432 722 468 Ge.
751 432 901 467 Schmid

273 489 363 520 1604
395 485 434 520 ἐκ
467 484 535 530 γὰρ
566 484 669 520 τοῦδ’
699 485 898 531 ἀναψυχὰς
929 483 1055 519 πόνων
1080 483 1213 518 Nauck
1338 488 1424 518 1607
1454 482 1705 528 ἐκδεξάμεσθα

176 539 312 574 Reiske
421 541 511 572 1608
537 536 656 583 τῆσδ’,
683 538 761 572 ἐπεὶ
787 538 876 580 πρὶν
902 543 974 572 ποῦ
999 535 1077 571 τόδ’
1109 537 1176 571 οὐκ
1203 536 1358 571 ἄπιστον
1386 532 1447 580 ἦν;
1474 536 1670 581 Musgrave
1702 539 1704 581 Ἰ

175 593 233 628 κεί
257 592 346 634 πρὶν
377 589 485 625 τοῦτό
516 589 549 636 7'
580 592 647 626 οὐκ
680 591 852 625 εὕπιστον
877 586 924 634 ἦν
951 589 1176 632 Wakefield,
1209 590 1271 624 καὶ
1305 590 1392 633 πρὶν
1424 595 1496 624 ποῦ
1529 587 1608 624 τόδ’
1639 590 1707 624 οὐκ

177 645 333 680 ἄπιστον
360 639 422 688 ἦν;
455 643 610 687 Porson,
643 644 698 679 κεί
729 644 817 687 πρὶν
846 641 945 678 τοῦτ’
975 642 1131 677 ἄπιστον
1158 638 1203 686 ἦν
1230 640 1309 686 ἐμοί
1337 642 1492 685 Dobree,
1523 643 1585 676 καὶ
1618 643 1707 685 πρὶν

177 697 268 744 γοῦν
299 695 378 732 τόδ’
415 698 482 732 οὐκ
514 694 670 732 ἄπιστον
702 693 748 741 ἦν
780 697 985 739 Hermann,
1018 696 1073 730 κεί
1110 696 1198 738 πρὶν
1231 701 1302 730 ποῦ
1336 693 1415 729 τόδ’
1452 696 1518 730 οὐκ
1552 695 1707 730 ἄπιστον

177 747 240 796 ἦν;
274 750 460 793 Badham,
496 750 552 784 κεί
583 750 672 793 πρὶν
704 750 793 784 αὐτὸ
831 747 931 784 τοῦτ’
967 746 1125 783 ἄπιστον
1157 744 1204 792 ἦν
1237 747 1299 783 Ge.
1335 747 1502 791 Schmid‚
1541 749 1605 782 καὶ
1638 748 1707 793 γὰρ

175 803 343 848 πρόσθεν
375 803 442 838 οὐκ
475 800 632 838 ἄπιστον
659 798 703 847 ἦν
729 802 890 837 Holzner
924 802 928 847 Ι
964 799 1100 843 Λοξίου
1126 802 1189 836 καὶ
1219 802 1326 846 τῆσδε
1353 799 1504 845 μητρός,
1538 801 1594 836 κεί
1620 802 1708 844 πρὶν

177 858 244 892 οὐκ
271 856 443 891 εὔπιστον
470 851 525 900 ἦν,
550 855 623 890 nisi
649 866 775 890 versus
803 855 950 900 spurius
977 854 1036 899 sit,
1063 854 1289 889 Herwerden

275 913 365 943 1610
391 908 474 943 αἵδε
500 907 556 955 δ’]
583 907 720 954 χαίρετ’
751 907 948 943 Kirchhoff
977 909 982 953 Ι
1017 906 1177 952 ἠμέλησα
1202 907 1344 951 Heath,
1377 905 1498 952 ἠμέλει
1531 919 1592 951 μοι
1619 906 1707 941 olim

177 962 424 1005 coniciebam,
455 960 619 1006 ἐστέρησε
647 961 709 997 Ge.
739 961 900 997 Sehmid.
951 960 1076 996 Etiam
1103 959 1226 996 οὕνεκ’
1258 958 1386 995 οὔποτ’
1417 958 1569 1004 ἠμέλησε
1595 958 1702 994 παῖδ’

177 1015 221 1052 ὃν
260 1013 465 1050 ἀποδίδωσί
504 1027 566 1059 μοι
597 1015 821 1050 Herwerden
968 1018 1058 1049 1613
1091 1014 1224 1059 πύλας]
1262 1012 1384 1057 πυράς
1414 1013 1610 1058 Musgrave

179 1072 270 1103 1614
308 1066 548 1114 μεταβαλοῦσ’
591 1067 741 1112 ἀϊδρίας
777 1068 934 1112 Barnes,
979 1065 1234 1112 μεταμαθοῦσ’
1279 1065 1458 1110 ἀμείνονα
1496 1066 1706 1111 Musgrave‚

177 1123 432 1168 μεταβαλοῦσα
458 1120 504 1164 δή
530 1134 618 1156 ποτε
644 1121 681 1156 C.
709 1121 889 1165 Schmidt,
917 1118 1159 1167 μεταβαλο·ῦσ’
1191 1119 1281 1154 ἄνευ
1307 1118 1434 1154 πόνων
1459 1119 1597 1154 Bellios
1621 1120 1626 1166 Ῑ
1648 1117 1706 1153 ἀεί

177 1174 218 1221 γέ
242 1188 314 1210 που
341 1174 504 1218 Grotius,
528 1181 601 1211 τῶν
626 1175 698 1219 πρὸ
724 1181 789 1210 τοῦ
815 1174 963 1217 Reiske,
990 1174 1048 1208 ἀεὶ
1075 1171 1117 1208 δέ
1142 1186 1214 1208 που
1235 1172 1431 1216 Matthiae,
1459 1172 1517 1207 ἀεὶ
1544 1172 1612 1218 γὰρ
1640 1170 1708 1207 οὖν

176 1228 365 1263 Hermann
464 1232 554 1263 1618
581 1229 629 1269 ὡς
652 1227 817 1271 θρόνους
842 1226 876 1273 γ’
908 1227 968 1270 ’ἵζω
995 1226 1186 1267 παλαιούς.
1226 1228 1299 1260 KP.
1326 1223 1495 1270 ἄφθιτον
1520 1226 1561 1260 τὸ
1588 1225 1708 1270 κτῆμά

177 1293 234 1317 σοι
259 1281 456 1328 Musgrave

276 1339 366 1369 1622
393 1334 512 1378 ὥσπερ
538 1333 732 1378 προσεικός
758 1335 796 1370 F.
824 1334 891 1369 Gu.
920 1333 1098 1368 Schmidt.
