<?xml version="1.0" encoding="UTF-8"?>
<!DOCTYPE html PUBLIC "-//W3C//DTD XHTML 1.0 Transitional//EN"
    "http://www.w3.org/TR/xhtml1/DTD/xhtml1-transitional.dtd">
<html xmlns="http://www.w3.org/1999/xhtml" xml:lang="en" lang="en">
 <head>
  <title>
</title>
<meta http-equiv="Content-Type" content="text/html;charset=utf-8" />
  <meta name='ocr-system' content='tesseract 3.04.00' />
  <meta name='ocr-capabilities' content='ocr_page ocr_carea ocr_par ocr_line ocrx_word'/>
</head>
<body>
  <div class='ocr_page' id='page_1' title='image "./euripidisfabula01euriuoft_0455.png"; bbox 0 0 1929 3208; ppageno 0'>
   <div class='ocr_carea' id='block_1_1' title="bbox 782 179 1622 219">
    <p class='ocr_par' dir='ltr' id='par_1_1' title="bbox 782 179 1622 219">
     <span class='ocr_line' id='line_1_1' title="bbox 782 179 1622 219; baseline 0.004 -3"><span class='ocrx_word' id='word_1_1' title='bbox 782 183 948 216; x_wconf 79' lang='lat' dir='ltr'>EAENH</span> <span class='ocrx_word' id='word_1_2' title='bbox 1567 179 1622 219; x_wconf 81' lang='grc'><em>47</em></span> 
     </span>
    </p>
   </div>
   <div class='ocr_carea' id='block_1_2' title="bbox 276 287 1626 1265">
    <p class='ocr_par' dir='ltr' id='par_1_2' title="bbox 277 287 1564 416">
     <span class='ocr_line' id='line_1_2' title="bbox 278 287 1564 346; baseline -0.005 -13"><span class='ocrx_word' id='word_1_3' title='bbox 278 293 471 346; x_wconf 77' lang='grc' dir='ltr'><em>ἄφρονες</em></span> <span class='ocrx_word' id='word_1_4' title='bbox 503 290 599 332; x_wconf 84' lang='grc' dir='ltr'><em>ὅσοι</em></span> <span class='ocrx_word' id='word_1_5' title='bbox 630 291 706 340; x_wconf 85' lang='grc' dir='ltr'><em>τὰς</em></span> <span class='ocrx_word' id='word_1_6' title='bbox 738 290 892 343; x_wconf 77' lang='grc' dir='ltr'><em>ἀρετὰς</em></span> <span class='ocrx_word' id='word_1_7' title='bbox 922 287 1096 345; x_wconf 79' lang='grc' dir='ltr'><em>πολέμῳ</em></span> <span class='ocrx_word' id='word_1_8' title='bbox 1398 287 1564 328; x_wconf 71' lang='lat' dir='ltr'>antistr.</span> 
     </span>
     <span class='ocr_line' id='line_1_3' title="bbox 277 360 1041 416; baseline -0.005 -12"><span class='ocrx_word' id='word_1_9' title='bbox 277 366 440 404; x_wconf 82' lang='grc' dir='ltr'><strong><em>κτᾶσθε</em></strong></span> <span class='ocrx_word' id='word_1_10' title='bbox 474 362 604 416; x_wconf 88' lang='grc' dir='ltr'><em>δορὸς</em></span> <span class='ocrx_word' id='word_1_11' title='bbox 636 360 820 402; x_wconf 82' lang='grc' dir='ltr'><em>ἀλκαίου</em></span> <span class='ocrx_word' id='word_1_12' title='bbox 853 361 1041 414; x_wconf 78' lang='grc' dir='ltr'><em>λόγχαις,</em></span> 
     </span>
    </p>

    <p class='ocr_par' dir='ltr' id='par_1_3' title="bbox 278 433 821 485">
     <span class='ocr_line' id='line_1_4' title="bbox 278 433 821 485; baseline -0.002 -11"><span class='ocrx_word' id='word_1_13' title='bbox 278 433 332 474; x_wconf 90' lang='grc' dir='ltr'><em>οὐ</em></span> <span class='ocrx_word' id='word_1_14' title='bbox 363 433 713 485; x_wconf 81' lang='grc' dir='ltr'><strong><em>καταπαυόμενοι</em></strong></span> <span class='ocrx_word' id='word_1_15' title='bbox 746 433 821 473; x_wconf 92' lang='grc' dir='ltr'><em>πό-</em></span> 
     </span>
    </p>

    <p class='ocr_par' dir='ltr' id='par_1_4' title="bbox 276 502 824 553">
     <span class='ocr_line' id='line_1_5' title="bbox 276 502 824 553; baseline -0.007 -7"><span class='ocrx_word' id='word_1_16' title='bbox 276 519 384 553; x_wconf 88' lang='grc' dir='ltr'><em>νους</em></span> <span class='ocrx_word' id='word_1_17' title='bbox 414 507 596 544; x_wconf 80' lang='grc' dir='ltr'><strong><em>θνατῶν</em></strong></span> <span class='ocrx_word' id='word_1_18' title='bbox 629 502 824 551; x_wconf 84' lang='grc' dir='ltr'><strong><em>ἀπαθῶς.</em></strong></span> 
     </span>
    </p>

    <p class='ocr_par' dir='ltr' id='par_1_5' title="bbox 277 574 1624 699">
     <span class='ocr_line' id='line_1_6' title="bbox 277 574 1624 628; baseline -0.003 -13"><span class='ocrx_word' id='word_1_19' title='bbox 277 576 317 616; x_wconf 85' lang='grc' dir='ltr'><em>εἰ</em></span> <span class='ocrx_word' id='word_1_20' title='bbox 345 575 428 628; x_wconf 80' lang='grc' dir='ltr'><em>γὰρ</em></span> <span class='ocrx_word' id='word_1_21' title='bbox 461 574 620 628; x_wconf 78' lang='grc' dir='ltr'><em>ἅμιλλα</em></span> <span class='ocrx_word' id='word_1_22' title='bbox 652 580 796 626; x_wconf 78' lang='grc' dir='ltr'><em>κρινεῖ</em></span> <span class='ocrx_word' id='word_1_23' title='bbox 824 589 897 614; x_wconf 91' lang='grc' dir='ltr'><em>νιν</em></span> <span class='ocrx_word' id='word_1_24' title='bbox 1536 582 1624 612; x_wconf 77' lang='lat'>1155</span> 
     </span>
     <span class='ocr_line' id='line_1_7' title="bbox 279 643 786 699; baseline -0.002 -14"><span class='ocrx_word' id='word_1_25' title='bbox 279 645 473 699; x_wconf 80' lang='grc' dir='ltr'><em>αἵματος,</em></span> <span class='ocrx_word' id='word_1_26' title='bbox 507 643 656 685; x_wconf 81' lang='grc' dir='ltr'><em>οὔποτ’</em></span> <span class='ocrx_word' id='word_1_27' title='bbox 696 645 786 697; x_wconf 86' lang='grc' dir='ltr'><em>ε”ρις</em></span> 
     </span>
    </p>

    <p class='ocr_par' dir='ltr' id='par_1_6' title="bbox 277 711 1018 767">
     <span class='ocr_line' id='line_1_8' title="bbox 277 711 1018 767; baseline -0.003 -10"><span class='ocrx_word' id='word_1_28' title='bbox 277 717 416 765; x_wconf 79' lang='grc' dir='ltr'><em>λείψει</em></span> <span class='ocrx_word' id='word_1_29' title='bbox 447 711 540 756; x_wconf 87' lang='grc' dir='ltr'><em>κατ’</em></span> <span class='ocrx_word' id='word_1_30' title='bbox 577 714 828 767; x_wconf 79' lang='grc' dir='ltr'><em>ἀνθρώπων</em></span> <span class='ocrx_word' id='word_1_31' title='bbox 859 716 1018 763; x_wconf 88' lang='grc' dir='ltr'><em>πόλεις.</em></span> 
     </span>
    </p>

    <p class='ocr_par' dir='ltr' id='par_1_7' title="bbox 278 785 1175 840">
     <span class='ocr_line' id='line_1_9' title="bbox 278 785 1175 840; baseline -0.001 -13"><span class='ocrx_word' id='word_1_32' title='bbox 278 788 326 827; x_wconf 84' lang='grc' dir='ltr'><em>αἳ</em></span> <span class='ocrx_word' id='word_1_33' title='bbox 356 786 605 840; x_wconf 79' lang='grc' dir='ltr'><strong><em>Πριαμίδος</em></strong></span> <span class='ocrx_word' id='word_1_34' title='bbox 635 791 715 838; x_wconf 79' lang='grc' dir='ltr'><em>γᾶς</em></span> <span class='ocrx_word' id='word_1_35' title='bbox 747 787 900 827; x_wconf 83' lang='grc' dir='ltr'><em>ἔλιπον</em></span> <span class='ocrx_word' id='word_1_36' title='bbox 931 785 1175 839; x_wconf 78' lang='grc' dir='ltr'><em>θαλάμους,</em></span> 
     </span>
    </p>

    <p class='ocr_par' dir='ltr' id='par_1_8' title="bbox 278 857 838 910">
     <span class='ocr_line' id='line_1_10' title="bbox 278 857 838 910; baseline -0.004 -11"><span class='ocrx_word' id='word_1_37' title='bbox 278 857 376 908; x_wconf 81' lang='grc' dir='ltr'><em>ἐξὸν</em></span> <span class='ocrx_word' id='word_1_38' title='bbox 410 858 657 910; x_wconf 78' lang='grc' dir='ltr'><em>διορθῶσαι</em></span> <span class='ocrx_word' id='word_1_39' title='bbox 690 858 838 910; x_wconf 74' lang='grc' dir='ltr'><em>λόγοις</em></span> 
     </span>
    </p>

    <p class='ocr_par' dir='ltr' id='par_1_9' title="bbox 276 924 1626 1053">
     <span class='ocr_line' id='line_1_11' title="bbox 278 924 1626 981; baseline -0.002 -12"><span class='ocrx_word' id='word_1_40' title='bbox 278 929 360 969; x_wconf 84' lang='grc' dir='ltr'><em>σὰν</em></span> <span class='ocrx_word' id='word_1_41' title='bbox 394 929 499 981; x_wconf 82' lang='grc' dir='ltr'><em>ἔριν,</em></span> <span class='ocrx_word' id='word_1_42' title='bbox 536 924 570 968; x_wconf 82' lang='grc' dir='ltr'><em>ὦ</em></span> <span class='ocrx_word' id='word_1_43' title='bbox 595 924 761 969; x_wconf 84' lang='grc' dir='ltr'><strong><em>Ἑλένα.</em></strong></span> <span class='ocrx_word' id='word_1_44' title='bbox 1536 937 1626 967; x_wconf 81' lang='lat'>1160</span> 
     </span>
     <span class='ocr_line' id='line_1_12' title="bbox 276 995 1173 1053; baseline -0.001 -14"><span class='ocrx_word' id='word_1_45' title='bbox 276 1005 361 1040; x_wconf 89' lang='grc' dir='ltr'><em>νῦν</em></span> <span class='ocrx_word' id='word_1_46' title='bbox 393 995 433 1039; x_wconf 85' lang='grc' dir='ltr'><em>δ’</em></span> <span class='ocrx_word' id='word_1_47' title='bbox 471 1000 517 1039; x_wconf 83' lang='grc' dir='ltr'><em>οἳ</em></span> <span class='ocrx_word' id='word_1_48' title='bbox 545 996 624 1052; x_wconf 76' lang='grc' dir='ltr'><em>μὲν</em></span> <span class='ocrx_word' id='word_1_49' title='bbox 645 996 774 1053; x_wconf 69' lang='grc' dir='ltr'><em>ΓἈιδα</em></span> <span class='ocrx_word' id='word_1_50' title='bbox 807 996 1013 1052; x_wconf 83' lang='grc' dir='ltr'><em>μέλονται</em></span> <span class='ocrx_word' id='word_1_51' title='bbox 1044 997 1173 1046; x_wconf 83' lang='grc' dir='ltr'><em>κάτω,</em></span> 
     </span>
    </p>

    <p class='ocr_par' dir='ltr' id='par_1_10' title="bbox 278 1067 1416 1124">
     <span class='ocr_line' id='line_1_13' title="bbox 278 1067 1416 1124; baseline -0.001 -14"><span class='ocrx_word' id='word_1_52' title='bbox 278 1071 419 1124; x_wconf 84' lang='grc' dir='ltr'><em>τείχεα</em></span> <span class='ocrx_word' id='word_1_53' title='bbox 452 1068 514 1122; x_wconf 82' lang='grc' dir='ltr'><em>δέ,</em></span> <span class='ocrx_word' id='word_1_54' title='bbox 547 1069 744 1123; x_wconf 79' lang='grc' dir='ltr'><em>φλογμὸς</em></span> <span class='ocrx_word' id='word_1_55' title='bbox 776 1069 885 1110; x_wconf 83' lang='grc' dir='ltr'><em>ὥστε</em></span> <span class='ocrx_word' id='word_1_56' title='bbox 918 1070 1044 1123; x_wconf 88' lang='grc' dir='ltr'><em>Διός,</em></span> <span class='ocrx_word' id='word_1_57' title='bbox 1076 1068 1258 1110; x_wconf 75' lang='grc' dir='ltr'><em>ἐπέσυτο</em></span> <span class='ocrx_word' id='word_1_58' title='bbox 1291 1067 1416 1122; x_wconf 80' lang='grc' dir='ltr'><em>φλόξ,</em></span> 
     </span>
    </p>

    <p class='ocr_par' dir='ltr' id='par_1_11' title="bbox 279 1138 983 1194">
     <span class='ocr_line' id='line_1_14' title="bbox 279 1138 983 1194; baseline 0 -13"><span class='ocrx_word' id='word_1_59' title='bbox 279 1139 356 1182; x_wconf 68' lang='grc' dir='ltr'><em>ε’πῖ</em></span> <span class='ocrx_word' id='word_1_60' title='bbox 381 1138 428 1181; x_wconf 77' lang='grc' dir='ltr'><em>δὲ</em></span> <span class='ocrx_word' id='word_1_61' title='bbox 460 1140 605 1182; x_wconf 80' lang='grc' dir='ltr'><strong><em>πάθεα</em></strong></span> <span class='ocrx_word' id='word_1_62' title='bbox 636 1139 799 1181; x_wconf 90' lang='grc' dir='ltr'><em>πάθεσι</em></span> <span class='ocrx_word' id='word_1_63' title='bbox 832 1138 983 1194; x_wconf 78' lang='grc' dir='ltr'><em>φέρεις</em></span> 
     </span>
    </p>

    <p class='ocr_par' dir='ltr' id='par_1_12' title="bbox 282 1210 969 1265">
     <span class='ocr_line' id='line_1_15' title="bbox 282 1210 969 1265; baseline -0.001 -12"><span class='ocrx_word' id='word_1_64' title='bbox 282 1210 456 1261; x_wconf 84' lang='grc' dir='ltr'><em>ἀθλίοις</em></span> <span class='ocrx_word' id='word_1_65' title='bbox 488 1218 739 1265; x_wconf 84' lang='grc' dir='ltr'><em>συμφοραῖς</em></span> <span class='ocrx_word' id='word_1_66' title='bbox 771 1211 969 1260; x_wconf 84' lang='grc' dir='ltr'><em>αἰλίνοις.</em></span> 
     </span>
    </p>
   </div>
   <div class='ocr_carea' id='block_1_3' title="bbox 277 1352 1626 2115">
    <p class='ocr_par' dir='ltr' id='par_1_13' title="bbox 277 1352 1626 2115">
     <span class='ocr_line' id='line_1_16' title="bbox 673 1352 1056 1385; baseline -0.003 0"><span class='ocrx_word' id='word_1_67' title='bbox 673 1352 1056 1385; x_wconf 77' lang='grc' dir='ltr'>ΘΕΟΚΛΤΜΕΝΟΣ.</span> 
     </span>
     <span class='ocr_line' id='line_1_17' title="bbox 279 1420 1625 1479; baseline -0.001 -13"><span class='ocrx_word' id='word_1_68' title='bbox 279 1421 312 1466; x_wconf 84' lang='grc' dir='ltr'><em>ὦ</em></span> <span class='ocrx_word' id='word_1_69' title='bbox 345 1431 481 1479; x_wconf 86' lang='grc' dir='ltr'><em>χαῖρε,</em></span> <span class='ocrx_word' id='word_1_70' title='bbox 513 1424 676 1477; x_wconf 90' lang='grc' dir='ltr'><em>πατρὸς</em></span> <span class='ocrx_word' id='word_1_71' title='bbox 707 1420 862 1478; x_wconf 84' lang='grc' dir='ltr'><em>μνῆμ’·</em></span> <span class='ocrx_word' id='word_1_72' title='bbox 897 1421 960 1465; x_wconf 83' lang='grc' dir='ltr'><em>ἐπ’</em></span> <span class='ocrx_word' id='word_1_73' title='bbox 1000 1423 1190 1474; x_wconf 82' lang='grc' dir='ltr'><em>ἐξόδοισι</em></span> <span class='ocrx_word' id='word_1_74' title='bbox 1221 1424 1303 1477; x_wconf 76' lang='grc' dir='ltr'><em>γὰρ</em></span> <span class='ocrx_word' id='word_1_75' title='bbox 1534 1434 1625 1465; x_wconf 83' lang='lat'>1165</span> 
     </span>
     <span class='ocr_line' id='line_1_18' title="bbox 277 1492 1368 1548; baseline 0 -12"><span class='ocrx_word' id='word_1_76' title='bbox 277 1497 439 1548; x_wconf 83' lang='grc' dir='ltr'><em>ἔθαψα,</em></span> <span class='ocrx_word' id='word_1_77' title='bbox 473 1498 672 1548; x_wconf 80' lang='grc' dir='ltr'><em>Πρωτεῦ,</em></span> <span class='ocrx_word' id='word_1_78' title='bbox 704 1492 744 1535; x_wconf 86' lang='grc' dir='ltr'><em>σ’</em></span> <span class='ocrx_word' id='word_1_79' title='bbox 782 1493 894 1536; x_wconf 82' lang='grc' dir='ltr'><em>ἕνεκ’</em></span> <span class='ocrx_word' id='word_1_80' title='bbox 932 1493 1036 1548; x_wconf 85' lang='grc' dir='ltr'><em>ἐμῆς</em></span> <span class='ocrx_word' id='word_1_81' title='bbox 1067 1496 1368 1548; x_wconf 70' lang='grc' dir='ltr'><em>προσρήσεως·</em></span> 
     </span>
     <span class='ocr_line' id='line_1_19' title="bbox 279 1563 1134 1619; baseline -0.001 -12"><span class='ocrx_word' id='word_1_82' title='bbox 279 1564 344 1607; x_wconf 83' lang='grc' dir='ltr'><em>ἀεὶ</em></span> <span class='ocrx_word' id='word_1_83' title='bbox 379 1564 430 1607; x_wconf 80' lang='grc' dir='ltr'><em>δέ</em></span> <span class='ocrx_word' id='word_1_84' title='bbox 459 1563 497 1607; x_wconf 85' lang='grc' dir='ltr'><em>σ’</em></span> <span class='ocrx_word' id='word_1_85' title='bbox 536 1565 664 1615; x_wconf 78' lang='grc' dir='ltr'><em>ἐξιών</em></span> <span class='ocrx_word' id='word_1_86' title='bbox 695 1580 739 1606; x_wconf 91' lang='grc' dir='ltr'><em>τε</em></span> <span class='ocrx_word' id='word_1_87' title='bbox 771 1564 937 1606; x_wconf 85' lang='grc' dir='ltr'><em>κάσιὼν</em></span> <span class='ocrx_word' id='word_1_88' title='bbox 971 1566 1134 1619; x_wconf 84' lang='grc' dir='ltr'><em>δόμους</em></span> 
     </span>
     <span class='ocr_line' id='line_1_20' title="bbox 279 1635 1329 1690; baseline -0.002 -12"><span class='ocrx_word' id='word_1_89' title='bbox 279 1637 582 1690; x_wconf 84' lang='grc' dir='ltr'><em>Θεοκλύμενος</em></span> <span class='ocrx_word' id='word_1_90' title='bbox 612 1643 714 1685; x_wconf 85' lang='grc' dir='ltr'><em>παῖς</em></span> <span class='ocrx_word' id='word_1_91' title='bbox 746 1636 820 1677; x_wconf 80' lang='grc' dir='ltr'><em>ὅδε</em></span> <span class='ocrx_word' id='word_1_92' title='bbox 852 1635 1152 1690; x_wconf 81' lang='grc' dir='ltr'><em>προσεννέπω,</em></span> <span class='ocrx_word' id='word_1_93' title='bbox 1184 1636 1329 1689; x_wconf 83' lang='grc' dir='ltr'><em>πάτερ.</em></span> 
     </span>
     <span class='ocr_line' id='line_1_21' title="bbox 279 1703 1400 1762; baseline -0.001 -13"><span class='ocrx_word' id='word_1_94' title='bbox 279 1707 403 1761; x_wconf 81' lang='grc' dir='ltr'><em>ὑμεῖς</em></span> <span class='ocrx_word' id='word_1_95' title='bbox 435 1704 513 1762; x_wconf 73' lang='grc' dir='ltr'><em>μὲν</em></span> <span class='ocrx_word' id='word_1_96' title='bbox 545 1703 627 1748; x_wconf 84' lang='grc' dir='ltr'><em>οὖν</em></span> <span class='ocrx_word' id='word_1_97' title='bbox 659 1707 795 1756; x_wconf 85' lang='grc' dir='ltr'><em>κύνας</em></span> <span class='ocrx_word' id='word_1_98' title='bbox 826 1723 870 1748; x_wconf 92' lang='grc' dir='ltr'><em>τε</em></span> <span class='ocrx_word' id='word_1_99' title='bbox 902 1705 973 1748; x_wconf 84' lang='grc' dir='ltr'><em>καὶ</em></span> <span class='ocrx_word' id='word_1_100' title='bbox 1009 1711 1166 1761; x_wconf 83' lang='grc' dir='ltr'><em>θηρῶν</em></span> <span class='ocrx_word' id='word_1_101' title='bbox 1197 1708 1400 1761; x_wconf 83' lang='grc' dir='ltr'><em>βρόχους,</em></span> 
     </span>
     <span class='ocr_line' id='line_1_22' title="bbox 279 1776 1626 1833; baseline -0.001 -13"><span class='ocrx_word' id='word_1_102' title='bbox 279 1779 431 1833; x_wconf 81' lang='grc' dir='ltr'><em>δμῶες,</em></span> <span class='ocrx_word' id='word_1_103' title='bbox 464 1776 648 1832; x_wconf 81' lang='grc' dir='ltr'><em>κομίζετ’</em></span> <span class='ocrx_word' id='word_1_104' title='bbox 686 1777 728 1827; x_wconf 83' lang='grc' dir='ltr'><em>ἐς</em></span> <span class='ocrx_word' id='word_1_105' title='bbox 760 1779 925 1832; x_wconf 87' lang='grc' dir='ltr'><em>δόμους</em></span> <span class='ocrx_word' id='word_1_106' title='bbox 955 1778 1268 1832; x_wconf 89' lang='grc' dir='ltr'><em>τυραννικούς·</em></span> <span class='ocrx_word' id='word_1_107' title='bbox 1535 1789 1626 1819; x_wconf 77' lang='grc'><strong>1170</strong></span> 
     </span>
     <span class='ocr_line' id='line_1_23' title="bbox 281 1847 1227 1906; baseline 0 -16"><span class='ocrx_word' id='word_1_108' title='bbox 281 1849 364 1903; x_wconf 78' lang='grc' dir='ltr'><em>ἐγὼ</em></span> <span class='ocrx_word' id='word_1_109' title='bbox 398 1847 438 1891; x_wconf 90' lang='grc' dir='ltr'><em>δ’</em></span> <span class='ocrx_word' id='word_1_110' title='bbox 476 1848 664 1906; x_wconf 81' lang='grc' dir='ltr'><em>ἐμαυτὸν</em></span> <span class='ocrx_word' id='word_1_111' title='bbox 696 1847 821 1891; x_wconf 87' lang='grc' dir='ltr'><em>πόλλ’</em></span> <span class='ocrx_word' id='word_1_112' title='bbox 859 1849 1121 1903; x_wconf 82' lang='grc' dir='ltr'><em>ἐλοιδόρησα</em></span> <span class='ocrx_word' id='word_1_113' title='bbox 1154 1850 1227 1902; x_wconf 85' lang='grc' dir='ltr'><em>δή·</em></span> 
     </span>
     <span class='ocr_line' id='line_1_24' title="bbox 278 1920 1339 1976; baseline -0.001 -14"><span class='ocrx_word' id='word_1_114' title='bbox 278 1920 331 1962; x_wconf 92' lang='grc' dir='ltr'><em>οὐ</em></span> <span class='ocrx_word' id='word_1_115' title='bbox 363 1920 446 1974; x_wconf 76' lang='grc' dir='ltr'><em>γάρ</em></span> <span class='ocrx_word' id='word_1_116' title='bbox 477 1935 519 1961; x_wconf 89' lang='grc' dir='ltr'><em>τι</em></span> <span class='ocrx_word' id='word_1_117' title='bbox 550 1920 729 1976; x_wconf 80' lang='grc' dir='ltr'><em>θανάτῳ</em></span> <span class='ocrx_word' id='word_1_118' title='bbox 762 1921 866 1969; x_wconf 91' lang='grc' dir='ltr'><em>τοὺς</em></span> <span class='ocrx_word' id='word_1_119' title='bbox 897 1921 1058 1969; x_wconf 87' lang='grc' dir='ltr'><em>κακοὺς</em></span> <span class='ocrx_word' id='word_1_120' title='bbox 1089 1921 1339 1974; x_wconf 80' lang='grc' dir='ltr'><em>κολάζομεν.</em></span> 
     </span>
     <span class='ocr_line' id='line_1_25' title="bbox 280 1986 1329 2045; baseline -0.001 -13"><span class='ocrx_word' id='word_1_121' title='bbox 280 1989 351 2032; x_wconf 86' lang='grc' dir='ltr'><em>καὶ</em></span> <span class='ocrx_word' id='word_1_122' title='bbox 383 1997 468 2033; x_wconf 85' lang='grc' dir='ltr'><em>νῦν</em></span> <span class='ocrx_word' id='word_1_123' title='bbox 499 1989 719 2045; x_wconf 82' lang='grc' dir='ltr'><em>πέπυσμαι</em></span> <span class='ocrx_word' id='word_1_124' title='bbox 751 1991 948 2044; x_wconf 86' lang='grc' dir='ltr'><em>φανερὸν</em></span> <span class='ocrx_word' id='word_1_125' title='bbox 974 1986 1199 2044; x_wconf 84' lang='grc' dir='ltr'><em>Ἑλλήνων</em></span> <span class='ocrx_word' id='word_1_126' title='bbox 1230 1991 1329 2032; x_wconf 84' lang='grc' dir='ltr'><em>τινὰ</em></span> 
     </span>
     <span class='ocr_line' id='line_1_26' title="bbox 280 2059 1269 2115; baseline -0.001 -13"><span class='ocrx_word' id='word_1_127' title='bbox 280 2061 324 2111; x_wconf 80' lang='grc' dir='ltr'><em>ἐς</em></span> <span class='ocrx_word' id='word_1_128' title='bbox 354 2067 437 2115; x_wconf 76' lang='grc' dir='ltr'><em>γῆν</em></span> <span class='ocrx_word' id='word_1_129' title='bbox 470 2061 659 2115; x_wconf 81' lang='grc' dir='ltr'><em>ἀφῖχθαι</em></span> <span class='ocrx_word' id='word_1_130' title='bbox 690 2059 761 2101; x_wconf 85' lang='grc' dir='ltr'><em>καὶ</em></span> <span class='ocrx_word' id='word_1_131' title='bbox 795 2059 1030 2114; x_wconf 83' lang='grc' dir='ltr'><em>λεληθέναι</em></span> <span class='ocrx_word' id='word_1_132' title='bbox 1063 2061 1269 2113; x_wconf 88' lang='grc' dir='ltr'><em>σκοπούς,</em></span> 
     </span>
    </p>
   </div>
   <div class='ocr_carea' id='block_1_4' title="bbox 199 2132 1625 2489">
    <p class='ocr_par' dir='ltr' id='par_1_14' title="bbox 272 2132 1625 2315">
     <span class='ocr_line' id='line_1_27' title="bbox 279 2132 1625 2186; baseline -0.001 -13"><span class='ocrx_word' id='word_1_133' title='bbox 279 2132 378 2186; x_wconf 77' lang='grc' dir='ltr'><em>ἤτοι</em></span> <span class='ocrx_word' id='word_1_134' title='bbox 409 2133 627 2186; x_wconf 85' lang='grc' dir='ltr'><em>κατόπτην</em></span> <span class='ocrx_word' id='word_1_135' title='bbox 660 2132 684 2185; x_wconf 83' lang='grc' dir='ltr'>ἢ</span> <span class='ocrx_word' id='word_1_136' title='bbox 717 2135 898 2180; x_wconf 81' lang='grc' dir='ltr'><em>κλοπαῖς</em></span> <span class='ocrx_word' id='word_1_137' title='bbox 929 2132 1217 2186; x_wconf 68' lang='grc' dir='ltr'><em>θηρώμενον</em></span> <span class='ocrx_word' id='word_1_138' title='bbox 1536 2142 1625 2172; x_wconf 80' lang='grc'><strong>1175</strong></span> 
     </span>
     <span class='ocr_line' id='line_1_28' title="bbox 272 2200 1423 2257; baseline -0.002 -12"><span class='ocrx_word' id='word_1_139' title='bbox 272 2201 471 2256; x_wconf 79' lang='grc' dir='ltr'><em>Ἑλένην·</em></span> <span class='ocrx_word' id='word_1_140' title='bbox 503 2207 707 2244; x_wconf 83' lang='grc' dir='ltr'><em>θανεῖται</em></span> <span class='ocrx_word' id='word_1_141' title='bbox 740 2200 798 2255; x_wconf 86' lang='grc' dir='ltr'><em>δ’,</em></span> <span class='ocrx_word' id='word_1_142' title='bbox 831 2203 887 2256; x_wconf 81' lang='grc' dir='ltr'><em>ἥν</em></span> <span class='ocrx_word' id='word_1_143' title='bbox 918 2218 966 2255; x_wconf 85' lang='grc' dir='ltr'><em>γε</em></span> <span class='ocrx_word' id='word_1_144' title='bbox 1000 2202 1053 2256; x_wconf 89' lang='grc' dir='ltr'><em>δὴ</em></span> <span class='ocrx_word' id='word_1_145' title='bbox 1088 2205 1241 2257; x_wconf 81' lang='grc' dir='ltr'><em>ληφθῇ</em></span> <span class='ocrx_word' id='word_1_146' title='bbox 1273 2203 1423 2255; x_wconf 86' lang='grc' dir='ltr'><em>μόνον.</em></span> 
     </span>
     <span class='ocr_line' id='line_1_29' title="bbox 283 2276 350 2315; baseline -0.015 0"><span class='ocrx_word' id='word_1_147' title='bbox 283 2276 350 2315; x_wconf 82' lang='grc' dir='ltr'><em>ἔα·</em></span> 
     </span>
    </p>

    <p class='ocr_par' dir='ltr' id='par_1_15' title="bbox 199 2440 1623 2489">
     <span class='ocr_line' id='line_1_30' title="bbox 199 2440 1623 2489; baseline -0.001 -13"><span class='ocrx_word' id='word_1_148' title='bbox 199 2446 287 2477; x_wconf 87' lang='grc'><strong>1151</strong></span> <span class='ocrx_word' id='word_1_149' title='bbox 322 2442 461 2487; x_wconf 81' lang='grc' dir='ltr'><em>ἄφονες</em></span> <span class='ocrx_word' id='word_1_150' title='bbox 495 2443 539 2486; x_wconf 94' lang='lat' dir='ltr'><em>G,</em></span> <span class='ocrx_word' id='word_1_151' title='bbox 572 2442 734 2487; x_wconf 74' lang='grc' dir='ltr'><em>ἄφρονες</em></span> <span class='ocrx_word' id='word_1_152' title='bbox 763 2455 786 2489; x_wconf 73' lang='lat' dir='ltr'><strong><em>y</em></strong></span> <span class='ocrx_word' id='word_1_153' title='bbox 921 2446 1010 2477; x_wconf 77' lang='lat'>1152</span> <span class='ocrx_word' id='word_1_154' title='bbox 1025 2454 1078 2486; x_wconf 89' lang='lat' dir='ltr'><em>sq.</em></span> <span class='ocrx_word' id='word_1_155' title='bbox 1112 2441 1222 2485; x_wconf 84' lang='grc' dir='ltr'><em>δορὸς</em></span> <span class='ocrx_word' id='word_1_156' title='bbox 1253 2440 1285 2475; x_wconf 87' lang='grc' dir='ltr'><em>τ’</em></span> <span class='ocrx_word' id='word_1_157' title='bbox 1316 2441 1404 2483; x_wconf 88' lang='lat' dir='ltr'><em>LG,</em></span> <span class='ocrx_word' id='word_1_158' title='bbox 1438 2441 1548 2483; x_wconf 80' lang='grc' dir='ltr'><em>δορὸς</em></span> <span class='ocrx_word' id='word_1_159' title='bbox 1579 2441 1591 2473; x_wconf 77' lang='lat' dir='ltr'><em>l</em></span> <span class='ocrx_word' id='word_1_160' title='bbox 1620 2441 1623 2484; x_wconf 75' lang='grc' dir='ltr'>Ι</span> 
     </span>
    </p>
   </div>
   <div class='ocr_carea' id='block_1_5' title="bbox 102 2491 1628 2965">
    <p class='ocr_par' dir='ltr' id='par_1_16' title="bbox 102 2491 1627 2700">
     <span class='ocr_line' id='line_1_31' title="bbox 102 2491 1626 2542; baseline -0.002 -12"><span class='ocrx_word' id='word_1_161' title='bbox 102 2495 250 2542; x_wconf 76' lang='grc' dir='ltr'><em>λόγχαις</em></span> <span class='ocrx_word' id='word_1_162' title='bbox 275 2496 335 2542; x_wconf 86' lang='grc' dir='ltr'><em>οὐ]</em></span> <span class='ocrx_word' id='word_1_163' title='bbox 357 2495 498 2540; x_wconf 74' lang='lat' dir='ltr'>scripsi,</span> <span class='ocrx_word' id='word_1_164' title='bbox 525 2494 690 2540; x_wconf 79' lang='grc' dir='ltr'><em>λόγχαισι</em></span> <span class='ocrx_word' id='word_1_165' title='bbox 711 2496 788 2531; x_wconf 90' lang='lat' dir='ltr'><em>LG</em></span> <span class='ocrx_word' id='word_1_166' title='bbox 876 2500 966 2530; x_wconf 78' lang='lat'>1155</span> <span class='ocrx_word' id='word_1_167' title='bbox 986 2495 1008 2540; x_wconf 88' lang='grc' dir='ltr'>ἡ</span> <span class='ocrx_word' id='word_1_168' title='bbox 1036 2495 1105 2540; x_wconf 82' lang='grc' dir='ltr'><em>γὰρ</em></span> <span class='ocrx_word' id='word_1_169' title='bbox 1129 2495 1162 2529; x_wconf 91' lang='lat' dir='ltr'><strong><em>G</em></strong></span> <span class='ocrx_word' id='word_1_170' title='bbox 1185 2497 1189 2538; x_wconf 82' lang='grc' dir='ltr'>Ι</span> <span class='ocrx_word' id='word_1_171' title='bbox 1212 2500 1331 2537; x_wconf 81' lang='grc' dir='ltr'><em>κρινεῖ</em></span> <span class='ocrx_word' id='word_1_172' title='bbox 1348 2494 1483 2536; x_wconf 73' lang='lat' dir='ltr'>Heath,</span> <span class='ocrx_word' id='word_1_173' title='bbox 1509 2491 1626 2536; x_wconf 80' lang='grc' dir='ltr'><em>κρίνει</em></span> 
     </span>
     <span class='ocr_line' id='line_1_32' title="bbox 102 2542 1627 2595; baseline -0.003 -12"><span class='ocrx_word' id='word_1_174' title='bbox 102 2549 180 2583; x_wconf 90' lang='lat' dir='ltr'><em>LG</em></span> <span class='ocrx_word' id='word_1_175' title='bbox 279 2552 369 2582; x_wconf 83' lang='lat'>1158</span> <span class='ocrx_word' id='word_1_176' title='bbox 395 2542 418 2595; x_wconf 74' lang='grc' dir='ltr'><strong><em>ᾇ</em></strong></span> <span class='ocrx_word' id='word_1_177' title='bbox 445 2542 483 2595; x_wconf 76' lang='grc' dir='ltr'><em>(ᾇ</em></span> <span class='ocrx_word' id='word_1_178' title='bbox 510 2547 584 2581; x_wconf 82' lang='lat' dir='ltr'><em>iam</em></span> <span class='ocrx_word' id='word_1_179' title='bbox 610 2547 759 2592; x_wconf 80' lang='lat' dir='ltr'>Reiske)</span> <span class='ocrx_word' id='word_1_180' title='bbox 788 2547 995 2593; x_wconf 56' lang='grc' dir='ltr'><em>Πριαμίδαι,</em></span> <span class='ocrx_word' id='word_1_181' title='bbox 1021 2548 1187 2593; x_wconf 84' lang='lat' dir='ltr'>Camper,</span> <span class='ocrx_word' id='word_1_182' title='bbox 1214 2548 1273 2581; x_wconf 76' lang='grc' dir='ltr'><em>καὶ</em></span> <span class='ocrx_word' id='word_1_183' title='bbox 1305 2545 1506 2591; x_wconf 80' lang='grc' dir='ltr'><em>Πριαμίδαι</em></span> <span class='ocrx_word' id='word_1_184' title='bbox 1535 2546 1627 2580; x_wconf 84' lang='lat' dir='ltr'>Har-</span> 
     </span>
     <span class='ocr_line' id='line_1_33' title="bbox 103 2599 1626 2647; baseline -0.002 -11"><span class='ocrx_word' id='word_1_185' title='bbox 103 2603 197 2647; x_wconf 77' lang='lat' dir='ltr'>tung</span> <span class='ocrx_word' id='word_1_186' title='bbox 229 2603 234 2645; x_wconf 79' lang='grc'>1</span> <span class='ocrx_word' id='word_1_187' title='bbox 268 2600 476 2647; x_wconf 87' lang='grc' dir='ltr'><em>θαλάμους]</em></span> <span class='ocrx_word' id='word_1_188' title='bbox 509 2601 591 2635; x_wconf 74' lang='lat' dir='ltr'><strong>fort.</strong></span> <span class='ocrx_word' id='word_1_189' title='bbox 625 2599 821 2643; x_wconf 83' lang='grc' dir='ltr'><em>θεράπνας</em></span> <span class='ocrx_word' id='word_1_190' title='bbox 942 2605 1032 2635; x_wconf 81' lang='grc'><strong>1162</strong></span> <span class='ocrx_word' id='word_1_191' title='bbox 1065 2601 1228 2645; x_wconf 81' lang='grc' dir='ltr'><em>φλογμὸς</em></span> <span class='ocrx_word' id='word_1_192' title='bbox 1264 2600 1303 2634; x_wconf 83' lang='lat' dir='ltr'><em>in</em></span> <span class='ocrx_word' id='word_1_193' title='bbox 1342 2611 1466 2644; x_wconf 82' lang='lat' dir='ltr'>apogr.</span> <span class='ocrx_word' id='word_1_194' title='bbox 1499 2599 1626 2641; x_wconf 63' lang='lat' dir='ltr'>Paris,</span> 
     </span>
     <span class='ocr_line' id='line_1_34' title="bbox 103 2651 1627 2700; baseline -0.002 -12"><span class='ocrx_word' id='word_1_195' title='bbox 103 2654 282 2700; x_wconf 73' lang='grc' dir='ltr'><em>φλογερὸς</em></span> <span class='ocrx_word' id='word_1_196' title='bbox 306 2654 385 2688; x_wconf 87' lang='lat' dir='ltr'><em>LG</em></span> <span class='ocrx_word' id='word_1_197' title='bbox 406 2655 411 2699; x_wconf 92' lang='grc'>1</span> <span class='ocrx_word' id='word_1_198' title='bbox 435 2652 606 2688; x_wconf 80' lang='grc' dir='ltr'><em>ἐπέσσυτο</em></span> <span class='ocrx_word' id='word_1_199' title='bbox 627 2653 717 2696; x_wconf 86' lang='lat' dir='ltr'><em>LG,</em></span> <span class='ocrx_word' id='word_1_200' title='bbox 743 2652 894 2689; x_wconf 80' lang='grc' dir='ltr'><em>ἐπέσυτο</em></span> <span class='ocrx_word' id='word_1_201' title='bbox 922 2655 934 2688; x_wconf 84' lang='grc' dir='ltr'><strong>Ζ</strong></span> <span class='ocrx_word' id='word_1_202' title='bbox 1032 2657 1121 2688; x_wconf 85' lang='grc'><strong>1163</strong></span> <span class='ocrx_word' id='word_1_203' title='bbox 1148 2653 1287 2688; x_wconf 83' lang='grc' dir='ltr'><em>πάθεσι</em></span> <span class='ocrx_word' id='word_1_204' title='bbox 1312 2652 1440 2686; x_wconf 83' lang='grc' dir='ltr'><em>πάθεα</em></span> <span class='ocrx_word' id='word_1_205' title='bbox 1467 2651 1627 2686; x_wconf 76' lang='lat' dir='ltr'>Schenkl</span> 
     </span>
    </p>

    <p class='ocr_par' dir='ltr' id='par_1_17' title="bbox 103 2701 1628 2965">
     <span class='ocr_line' id='line_1_35' title="bbox 199 2701 1627 2752; baseline -0.003 -10"><span class='ocrx_word' id='word_1_206' title='bbox 199 2711 291 2742; x_wconf 77' lang='lat'><em>1164</em></span> <span class='ocrx_word' id='word_1_207' title='bbox 311 2705 460 2747; x_wconf 81' lang='grc' dir='ltr'><em>ἀθλίοις</em></span> <span class='ocrx_word' id='word_1_208' title='bbox 479 2706 568 2749; x_wconf 84' lang='lat' dir='ltr'><em>LG,</em></span> <span class='ocrx_word' id='word_1_209' title='bbox 593 2709 678 2752; x_wconf 73' lang='lat' dir='ltr'><strong>post</strong></span> <span class='ocrx_word' id='word_1_210' title='bbox 698 2706 847 2747; x_wconf 82' lang='grc' dir='ltr'><em>ἀθλίοις</em></span> <span class='ocrx_word' id='word_1_211' title='bbox 872 2701 1072 2752; x_wconf 61' lang='grc' dir='ltr'><em>εοῑίρεὲτατ</em></span> <span class='ocrx_word' id='word_1_212' title='bbox 1095 2720 1129 2740; x_wconf 90' lang='grc' dir='ltr'><em>τι</em></span> <span class='ocrx_word' id='word_1_213' title='bbox 1150 2705 1263 2740; x_wconf 86' lang='grc' dir='ltr'><em>λείπει</em></span> <span class='ocrx_word' id='word_1_214' title='bbox 1285 2706 1306 2749; x_wconf 76' lang='lat' dir='ltr'><em>l,</em></span> <span class='ocrx_word' id='word_1_215' title='bbox 1333 2705 1432 2749; x_wconf 84' lang='lat' dir='ltr'>quod</span> <span class='ocrx_word' id='word_1_216' title='bbox 1453 2704 1627 2748; x_wconf 80' lang='lat' dir='ltr'>deletum,</span> 
     </span>
     <span class='ocr_line' id='line_1_36' title="bbox 103 2756 1628 2804; baseline -0.001 -10"><span class='ocrx_word' id='word_1_217' title='bbox 103 2760 144 2795; x_wconf 81' lang='grc' dir='ltr'><em>ἐν</em></span> <span class='ocrx_word' id='word_1_218' title='bbox 174 2758 322 2799; x_wconf 81' lang='grc' dir='ltr'><em>ἀθλίοις</em></span> <span class='ocrx_word' id='word_1_219' title='bbox 348 2759 377 2802; x_wconf 78' lang='lat' dir='ltr'><em>l,</em></span> <span class='ocrx_word' id='word_1_220' title='bbox 408 2758 508 2793; x_wconf 80' lang='lat' dir='ltr'><strong>delet</strong></span> <span class='ocrx_word' id='word_1_221' title='bbox 533 2759 656 2793; x_wconf 79' lang='lat' dir='ltr'>Heath</span> <span class='ocrx_word' id='word_1_222' title='bbox 690 2761 695 2804; x_wconf 86' lang='grc'>1</span> <span class='ocrx_word' id='word_1_223' title='bbox 730 2758 887 2800; x_wconf 86' lang='grc' dir='ltr'><em>αἰλίνοις</em></span> <span class='ocrx_word' id='word_1_224' title='bbox 917 2759 1072 2804; x_wconf 79' lang='lat' dir='ltr'><strong>(factum</strong></span> <span class='ocrx_word' id='word_1_225' title='bbox 1103 2770 1147 2793; x_wconf 81' lang='lat' dir='ltr'><em>ex</em></span> <span class='ocrx_word' id='word_1_226' title='bbox 1180 2757 1322 2802; x_wconf 82' lang='grc' dir='ltr'><em>ἰλίνοις)</em></span> <span class='ocrx_word' id='word_1_227' title='bbox 1349 2759 1401 2802; x_wconf 84' lang='lat' dir='ltr'><em>L,</em></span> <span class='ocrx_word' id='word_1_228' title='bbox 1434 2771 1488 2802; x_wconf 75' lang='grc' dir='ltr'><em>γρ,</em></span> <span class='ocrx_word' id='word_1_229' title='bbox 1522 2756 1628 2798; x_wconf 87' lang='grc' dir='ltr'><em>ῖλίοις</em></span> 
     </span>
     <span class='ocr_line' id='line_1_37' title="bbox 104 2810 1533 2858; baseline -0.003 -11"><span class='ocrx_word' id='word_1_230' title='bbox 104 2824 284 2858; x_wconf 85' lang='lat' dir='ltr'><strong>superscr.</strong></span> <span class='ocrx_word' id='word_1_231' title='bbox 312 2813 340 2856; x_wconf 83' lang='lat' dir='ltr'><em>l,</em></span> <span class='ocrx_word' id='word_1_232' title='bbox 373 2810 528 2852; x_wconf 84' lang='grc' dir='ltr'><em>αἰλίνοις</em></span> <span class='ocrx_word' id='word_1_233' title='bbox 556 2812 601 2855; x_wconf 84' lang='lat' dir='ltr'><em>G,</em></span> <span class='ocrx_word' id='word_1_234' title='bbox 633 2811 784 2851; x_wconf 80' lang='grc' dir='ltr'><em>ἑλεινοῖς</em></span> <span class='ocrx_word' id='word_1_235' title='bbox 810 2811 942 2846; x_wconf 86' lang='lat' dir='ltr'>Nauck</span> <span class='ocrx_word' id='word_1_236' title='bbox 970 2811 1149 2856; x_wconf 81' lang='lat' dir='ltr'>(debebat</span> <span class='ocrx_word' id='word_1_237' title='bbox 1180 2810 1336 2850; x_wconf 78' lang='grc' dir='ltr'><em>ἐλειναῖς</em></span> <span class='ocrx_word' id='word_1_238' title='bbox 1361 2810 1533 2855; x_wconf 79' lang='lat' dir='ltr'>scribere)</span> 
     </span>
     <span class='ocr_line' id='line_1_38' title="bbox 106 2863 1626 2911; baseline -0.002 -10"><span class='ocrx_word' id='word_1_239' title='bbox 106 2870 195 2901; x_wconf 88' lang='grc'><strong>1166</strong></span> <span class='ocrx_word' id='word_1_240' title='bbox 223 2866 376 2910; x_wconf 75' lang='grc' dir='ltr'><em>ἔθραψά</em></span> <span class='ocrx_word' id='word_1_241' title='bbox 405 2865 450 2908; x_wconf 89' lang='lat' dir='ltr'><em>G,</em></span> <span class='ocrx_word' id='word_1_242' title='bbox 483 2864 612 2909; x_wconf 75' lang='grc' dir='ltr'><em>ἔθαψα</em></span> <span class='ocrx_word' id='word_1_243' title='bbox 637 2877 660 2910; x_wconf 78' lang='lat'><strong><em>9</em></strong></span> <span class='ocrx_word' id='word_1_244' title='bbox 782 2868 873 2898; x_wconf 83' lang='lat'>1168</span> <span class='ocrx_word' id='word_1_245' title='bbox 898 2864 1151 2911; x_wconf 84' lang='grc' dir='ltr'><em>προσεννέπω]</em></span> <span class='ocrx_word' id='word_1_246' title='bbox 1178 2863 1354 2910; x_wconf 85' lang='lat' dir='ltr'>Lenting,</span> <span class='ocrx_word' id='word_1_247' title='bbox 1386 2863 1626 2908; x_wconf 80' lang='grc' dir='ltr'><em>προσεννέπει</em></span> 
     </span>
     <span class='ocr_line' id='line_1_39' title="bbox 104 2916 989 2965; baseline -0.005 -10"><span class='ocrx_word' id='word_1_248' title='bbox 104 2919 183 2955; x_wconf 88' lang='lat' dir='ltr'><em>LG</em></span> <span class='ocrx_word' id='word_1_249' title='bbox 282 2922 372 2953; x_wconf 73' lang='lat'>1172</span> <span class='ocrx_word' id='word_1_250' title='bbox 398 2916 571 2965; x_wconf 84' lang='grc' dir='ltr'><em>θανάτῳ]</em></span> <span class='ocrx_word' id='word_1_251' title='bbox 597 2917 741 2958; x_wconf 85' lang='grc' dir='ltr'><em>πάντας</em></span> <span class='ocrx_word' id='word_1_252' title='bbox 765 2917 989 2952; x_wconf 84' lang='lat' dir='ltr'>Herwerden</span> 
     </span>
    </p>
   </div>
  </div>
 </body>
</html>
