1929 3208
832 135 999 169 ΕΑΕΝΗ
1620 132 1674 173 51

155 248 326 288 ΘΕΟΚ.
369 244 466 296 ἄξια
496 242 592 286 τάδ’
630 245 749 286 ἔσται
782 243 1046 285 Πελοπιδῶν
1078 240 1104 283 ἃ
1137 241 1349 295 δώσομεν.

157 319 252 358 ΜΕ.
362 314 431 358 καὶ
465 313 582 356 τᾶλλ’
620 314 702 356 ὅσα
732 314 857 368 χθὼν
888 313 998 355 καλὰ
1029 310 1154 367 φέρει
1187 312 1477 366 βλαστήματα.
1589 322 1676 352 1265

152 389 322 429 ΘΕΟΚ.
364 394 455 436 πῶς
486 382 588 436 οὖν;
623 384 666 434 ἐς
697 381 830 438 οἶδμα
860 385 948 425 τίνι
979 385 1125 440 τρόπῳ
1158 384 1352 432 καθίετε;

154 460 255 499 ΜΕ.
364 462 477 498 ναῦν
511 456 582 498 δεῖ
609 461 814 508 παρεῖναι
845 453 1072 507 κάρετμῶν
1105 452 1345 501 ἐπιστάτας.

151 530 320 570 ΘΕΟΚ.
361 529 502 569 πόσον
535 523 574 568 δ’
611 525 831 579 ἀπείργεις
863 530 998 578 μῆκος
1030 524 1076 565 ἐκ
1106 525 1233 577 γαίας
1265 524 1395 577 δόρυ;

151 601 252 640 ΜΕ.
364 595 464 640 ὥστ’
503 595 741 650 ἐξορᾶσθαι
774 594 909 648 ῥόθια
942 595 1158 649 χερσόθεν
1190 595 1326 647 μόλις.

152 671 325 711 ΘΕΟΚ.
368 666 440 710 καὶ
473 668 527 722 δὴ
559 663 651 709 τόδ’
680 665 834 715 Ἑλλὰς
864 667 1055 719 νόμιμον
1087 664 1134 706 ἐκ
1163 666 1284 714 τίνος
1316 662 1453 718 σέβεις
1589 676 1677 705 1271»

153 743 255 781 ME.
366 739 425 789 ὡς
456 739 513 794 μὴ
546 738 676 780 πάλιν
708 742 763 791 γῇ
796 734 949 790 λύματ’
986 735 1147 791 ἐκβάλῃ
1178 735 1367 777 κλύδων.

151 812 320 852 ΘΕΟΚ.
366 811 582 852 Φοίνισσα
615 808 736 862 κώπη
768 807 1016 862 ταχύπορος
1046 807 1287 860 γενήσεται.

150 883 250 922 ΜΕ.
360 883 501 930 καλῶς
533 879 587 921 ἂν
620 883 685 933 εἴη
717 876 926 934 Μενέλεῴ
958 892 1002 919 τε
1034 877 1145 931 πρὸς
1175 878 1316 931 χάριν.

151 953 321 993 ΘΕΟΚ.
366 951 532 994 οὔκουν
564 952 620 992 σὺ
651 947 783 1004 χωρὶς
814 949 945 1002 τῆσδε
979 949 1099 1003 δρῶν
1131 946 1278 1001 ἀρκεῖς
1308 947 1431 995 τάδε;

154 1024 255 1063 ME.
365 1022 527 1077 μητρὸς
556 1018 650 1064 τόδ’
687 1022 819 1074 ἔργον
850 1018 877 1073 ἢ
910 1019 1118 1073 γυναικὸς
1149 1017 1174 1073 ἢ
1207 1016 1385 1060 τέκνων.
1589 1028 1676 1059 1275

152 1095 323 1134 ΘΕΟΚ.
365 1093 524 1146 ταύτης
556 1091 579 1134 ὁ
612 1092 794 1146 μόχθος,
827 1090 886 1139 ὡς
917 1089 1071 1144 λε’γεις,
1102 1089 1291 1131 θάπτειν
1322 1090 1465 1130 πόσιν.

150 1164 251 1204 ΜΕ.
362 1163 410 1205 ἐν
442 1163 615 1216 εὐσεβεῖ
642 1167 753 1216 γοῦν
784 1163 948 1215 νόμιμα
981 1161 1040 1215 μὴ
1071 1159 1271 1203 κλέπτειν
1303 1166 1482 1213 νεκρῶν.

152 1235 321 1276 ΘΕΟΚ.
366 1237 459 1276 ἴτω·
491 1234 600 1288 πρὸς
630 1232 755 1287 ἡμῶν
788 1233 949 1286 ἄλοχον
982 1231 1140 1286 εὐσεβῆ
1172 1229 1362 1285 τρέφειν.

363 1303 510 1346 ἐλθὼν
543 1302 580 1346 δ’
620 1303 663 1353 ἐς
694 1307 842 1352 οἴκους
875 1303 1025 1354 ἐξελοῦ
1057 1304 1225 1357 κόσμον
1256 1306 1415 1359 νεκρῷ·

361 1374 433 1417 καὶ
467 1373 506 1417 σ’
543 1374 596 1417 οὐ
627 1381 797 1416 κεναῖσι
829 1372 950 1428 χερσὶ
982 1379 1060 1428 γῆς
1092 1373 1329 1427 ἀποστελῶ,
1586 1382 1675 1412 1280

365 1447 589 1498 δράσαντα
619 1446 725 1501 τῇδε
756 1446 865 1500 πρὸς
897 1444 1041 1499 χάριν·
1075 1446 1222 1499 φήμας
1255 1442 1306 1486 δέ
1335 1459 1409 1498 μοι

364 1517 526 1566 ἐσθλὰς
557 1516 747 1571 ἐνεγκών
779 1513 821 1570 γ’
858 1514 956 1558 ἀντὶ
987 1522 1063 1569 τῆς
1095 1514 1321 1571 ἀχλαινίας

364 1587 528 1641 ἐσθῆτα
561 1589 675 1643 λήψῃ
709 1588 806 1629 σῖτά
838 1584 903 1635 θ’,
938 1587 1047 1629 ὥστε
1080 1584 1118 1628 σ’
1157 1586 1200 1636 ἐς
1229 1585 1399 1639 πάτραν

365 1658 527 1710 ἐλθεῖν,
560 1656 652 1699 ἐπεὶ
685 1663 768 1699 νῦν
801 1653 839 1710 γ’
876 1655 1045 1706 ἀθλίως
1077 1654 1228 1711 ἔχονθ’
1265 1656 1363 1710 ὁρῶ.

363 1729 418 1770 σὺ
451 1724 508 1781 δ’,
543 1724 576 1769 ὦ
608 1728 808 1780 τάλαινα,
841 1728 899 1782 μὴ
927 1725 993 1768 ’πὶ
1024 1734 1116 1776 τοῖς
1147 1727 1383 1781 ἀνηνύτοις
1588 1736 1678 1766 1285

363 1799 527 1854 τρύχου
559 1799 767 1852 σεαυτήν·
800 1798 1032 1848 Μενέλεως
1065 1796 1105 1839 δ’
1143 1799 1230 1853 ἔχει
1261 1799 1444 1851 πότμον,

363 1870 471 1912 κούκ
502 1869 557 1911 ἂν
589 1870 771 1911 δύναιτο
806 1871 880 1923 ζῆν
913 1869 936 1912 ὁ
967 1869 1204 1911 κατθανὼν
1235 1870 1373 1919 πόσις.

157 1943 256 1983 ΜΕ.
366 1942 446 1982 σὸν
477 1942 623 1995 ἔργον,
657 1937 690 1982 ὦ
724 1946 865 1982 νεᾶνι·
898 1940 977 1981 τὸν
1007 1941 1206 1994 παρόντα
1237 1937 1317 1994 μὲν

366 2011 565 2065 στέργειν
596 2012 729 2053 πόσιν
760 2013 855 2064 χρή,
888 2011 966 2052 τὸν
1000 2007 1048 2052 δὲ
1080 2008 1225 2065 μηκέτ’
1264 2008 1356 2052 ὄντ’
1393 2009 1487 2052 ἐᾶν·

367 2083 521 2137 ἄριστα
553 2082 636 2137 γάρ
669 2092 740 2124 σοι
770 2087 906 2122 ταῦτα
937 2081 1046 2135 πρὸς
1077 2082 1126 2123 τὸ
1158 2081 1390 2135 τυγχάνον.
1586 2091 1678 2121 1290

251 2238 340 2269 1267
368 2234 479 2280 ναῦν]
507 2233 651 2276 Οειιιτθϊ,
679 2238 747 2268 νῦν
773 2233 852 2268 LG
882 2235 887 2277 Ι
919 2234 978 2267 δεῖ
1001 2233 1053 2276 L,
1086 2232 1131 2277 δὴ
1161 2232 1194 2268 G
1224 2235 1229 2277 Ι
1262 2233 1324 2267 καὶ
1351 2232 1508 2276 ἐρετμῶν
1533 2233 1585 2275 L,
1617 2233 1680 2266 καὶ

150 2286 306 2332 ’ρετμῶν
333 2287 388 2322 IG
498 2291 588 2322 1268
614 2285 731 2322 πόσον
757 2288 790 2330 (o
816 2297 890 2320 non
921 2285 1158 2330 perspicuum
1188 2285 1244 2320 ita
1269 2288 1311 2320 ut
1337 2300 1349 2320 ι
1375 2285 1451 2331 legi
1476 2285 1608 2330 possit)
1634 2285 1679 2327 L,

153 2340 261 2376 πόσιν
284 2340 329 2384 G,
354 2339 470 2375 πόσον
489 2352 511 2386 y
534 2341 538 2385 Ι
561 2338 762 2386 ἀπείργεις]
790 2338 930 2384 scripsi,
957 2337 1125 2384 ἀπείργει
1145 2339 1223 2374 LG
1321 2342 1412 2372 1270
1432 2338 1511 2384 καὶ]
1538 2337 1680 2382 scripsi,

154 2392 187 2428 τί
212 2393 291 2428 LG
400 2397 489 2427 1271
517 2398 561 2438 γῇ
588 2391 736 2439 λύματ’]
769 2390 976 2436 κτερίσματ’
1006 2391 1300 2435 Rauchenstein‚
1330 2391 1412 2426 fort.
1440 2389 1676 2436 e'vccyt'ogtcc‘c'{

154 2446 307 2492 ἐκβάλλῃ
334 2457 459 2491 apogr.
486 2445 602 2480 Paris.
721 2449 810 2480 1272
837 2443 1046 2491 ταχυπόρος
1070 2445 1149 2480 LG
1271 2448 1361 2479 1273
1387 2445 1441 2491 τε]
1467 2444 1615 2487 Reiske‚
1641 2456 1680 2489 γε

154 2499 231 2534 LG
329 2503 420 2533 1276
446 2497 557 2544 μόχος
584 2499 630 2542 G,
655 2497 796 2544 μόχθος
820 2511 843 2544 9
949 2501 1039 2533 1278
1067 2497 1147 2545 ἴτω]
1173 2497 1213 2532 in
1237 2509 1354 2542 marg.
1382 2496 1455 2541 ἤτω
1482 2496 1679 2542 γράφεται·

160 2551 229 2596 ἤτω
256 2551 277 2596 ὴ
305 2550 396 2594 δόξα
422 2550 551 2594 κυρίου
578 2552 630 2592 εἰς
654 2552 740 2592 τοὺς
765 2551 904 2592 αἰῶνας
929 2552 963 2586 L
1086 2555 1176 2586 1279
1204 2550 1342 2597 ἐξελοῦ]
1368 2550 1548 2593 Badham‚
1575 2549 1680 2592 ἐξελῶ

156 2605 233 2639 LG
357 2608 442 2639 1281
472 2603 506 2638 δ’
538 2603 618 2648 ἐμοί
643 2604 722 2639 LG
845 2607 934 2638 1282
962 2603 996 2649 γ’
1033 2604 1101 2648 (ita
1133 2615 1199 2647 scr.
1228 2606 1269 2638 ut
1301 2604 1344 2638 οὐ
1376 2602 1452 2648 legi
1477 2602 1609 2648 possit)
1635 2603 1680 2646 L,

155 2659 222 2703 οὐγ
249 2658 293 2701 G,
320 2656 355 2702 γ’
386 2657 486 2692 delet
511 2657 699 2691 Hermann
720 2660 725 2699 1
746 2657 825 2704 τῆς]
851 2655 954 2703 τῆσδ’
978 2657 1151 2701 Hartung
1249 2660 1339 2690 1283
1365 2654 1428 2701 θ’]
1454 2654 1486 2689 τ’
1509 2655 1587 2689 LG

157 2714 247 2744 1255
285 2709 400 2744 τοῖσδ’
442 2709 633 2754 ἀνηνύτως
670 2709 864 2744 Kirchhoff
996 2713 1085 2744 1286
1124 2709 1259 2754 τρύχου
1304 2707 1475 2754 σεαυτήν]
1517 2707 1682 2753 Scaliger

155 2763 303 2808 (τρύχου
330 2763 372 2796 σὺ
398 2762 537 2806 σαυτήν
563 2762 733 2807 Aldina),
759 2763 941 2808 τρύχουσα
967 2762 1106 2806 σαυτήν
1131 2762 1209 2797 LG
1333 2765 1422 2796 1287
1450 2759 1570 2807 πόσις]
1597 2761 1680 2796 fort.

156 2815 284 2860 νεκρός
410 2820 500 2850 1289
529 2814 638 2850 πόσιν
670 2815 754 2861 χρή]
786 2816 964 2858 ξύνευνον
990 2816 1161 2860 Hartung
1290 2819 1380 2848 1290
1414 2814 1560 2860 ἄριστα]
1596 2814 1680 2848 fort.

156 2869 282 2914 ἀρωγὰ

1422 2926 1468 2959 4*
