1929 3208
743 116 991 148 ΑΛΚΗΣΤΙΣ
1590 113 1643 155 27

127 228 230 266 ΑΔ.
293 222 388 265 ἀλλ’
422 224 460 264 εἰ
492 223 641 275 δόμων
674 233 757 275 σφε
789 222 862 264 καὶ
894 223 1060 271 πόλεως
1093 220 1295 275 ἀπήλασα

292 294 420 343 ξένον
451 294 662 347 μολόντα,
693 296 860 346 μᾶλλον
893 294 948 335 ἄν
979 293 1023 346 μ’
1056 291 1288 351 ἐπῄνεσας;

296 365 348 406 οὐ
382 364 492 419 δῆτ’,
526 363 622 406 ἐπεί
651 379 718 406 τοι
751 365 959 419 συμφορὰ
990 363 1071 416 μὲν
1104 362 1238 404 οὐδὲν
1271 361 1326 404 ἂν
1580 372 1647 403 555

291 437 426 489 μείων
458 434 659 489 ἐγίγνετ’,
693 433 959 489 ἀξενώτερος
990 435 1033 476 δ’
1069 433 1164 488 ἐγώ.

292 507 365 548 καὶ
397 507 507 561 πρὸς
538 512 740 548 κακοῖσιν
772 506 879 548 ἄλλο
912 503 1029 547 τοῦτ’
1068 504 1123 547 ἂν
1154 502 1210 558 ἦν
1243 505 1393 557 κακόν,

293 578 457 631 δόμους
489 580 722 619 καλεῖσθαι
754 578 857 627 τοὺς
888 575 1020 630 ἐμοὺς
1052 574 1356 630 ἐχθροξένους.

294 648 425 698 αὐτὸς
459 648 505 689 δ’
538 647 721 702 ἀρίστου
754 649 885 689 τοῦδε
917 646 1120 700 τυγχάνω
1154 645 1304 699 ξένου,

293 720 398 761 ὅταν
432 719 529 761 ποτ’
551 717 741 773 ’Ἀργους
773 719 928 769 διψίαν
960 715 1078 759 ἔλθω
1111 718 1267 771 χθόνα.
1576 726 1645 757 560

134 793 224 832 XO.
286 797 377 840 πῶς
409 786 491 831 οὖν
524 787 734 843 ἔκρυπτες
766 790 844 831 τὸν
876 790 1075 843 παρόντα
1101 788 1305 841 δαίμονα,

295 862 429 916 φίλου
461 861 675 914 μολόντος
707 859 891 915 ἀνδρός,
923 859 981 909 ὡς
1013 859 1145 908 αὐτὸς
1176 857 1337 913 λέγεις;

134 936 230 974 ΑΛ.
294 932 374 974 οὐκ
406 932 461 973 ἄν
493 932 586 973 ποτ’
620 930 842 985 ἠθέλησεν
874 931 1096 972 εἰσελθεῖν
1128 930 1306 983 δόμους,

294 1004 331 1044 εἰ
357 1010 445 1045 τῶν
476 1001 594 1056 ἐμῶν
624 1017 666 1044 τι
698 1001 908 1056 πημάτων
940 999 1164 1056 ἐγνώρισε.

296 1071 441 1129 καύτῷ
473 1072 568 1127 μέν,
601 1069 735 1127 οἶμαι,
768 1073 889 1128 δρῶν
920 1070 1021 1114 τάδ’
1055 1072 1107 1114 οὐ
1141 1078 1328 1127 φρονεῖν
1361 1071 1492 1123 δοκῶ,
1580 1081 1648 1112 565

294 1145 396 1187 οὐδ’
432 1144 598 1187 αἰνέσει
628 1157 697 1198 με·
730 1143 843 1197 τάμὰ
875 1143 922 1185 δ’
955 1142 1036 1185 οὐκ
1069 1141 1296 1185 ἐπίσταται

293 1213 479 1270 μέλαθρ’
517 1214 720 1257 ἀπωθεῖν
752 1214 854 1256 οὐδ’
890 1213 1109 1267 ἀτιμάζειν
1142 1213 1307 1264 ξένους.

141 1348 232 1388 ΧΟ.
295 1344 328 1388 ὦ
379 1344 636 1395 πολύξεινος
685 1344 758 1387 καὶ
814 1343 1056 1400 ἐλευθέρου
1108 1343 1272 1399 ἀνδρὸς
1321 1342 1391 1385 ἀεί
1432 1340 1533 1384 ποτ’
1590 1338 1651 1384 οἶ-

806 1431 900 1469 κος,
1428 1412 1590 1468 stroph.

295 1487 347 1530 σε’
375 1502 443 1529 τοι
475 1487 547 1528 καὶ
580 1486 602 1528 ὁ
636 1487 816 1536 Πύθιος
848 1484 1035 1539 εὐλύρας
1062 1485 1285 1528 Ἀπόλλων
1581 1491 1648 1522 570

295 1558 452 1612 ἠξίωσε
484 1559 642 1612 ναίειν,

295 1627 398 1671 ἔτλα
431 1628 480 1671 δὲ
511 1634 630 1670 σοῖσι
660 1629 912 1683 μηλονόμας

295 1699 344 1742 ἐν
376 1706 529 1753 νομοῖς
560 1698 792 1754 γενέσθαι,

295 1771 482 1825 δοχμιᾶν
514 1770 588 1812 διὰ
620 1770 811 1812 κλιτύων
1580 1775 1647 1806 575

296 1844 541 1896 βοσκήμασι
573 1847 690 1883 σοῖσι
722 1842 913 1896 συρίζων

295 1914 526 1965 ποιμνίτας
556 1911 806 1965 ὑμεναίους.

298 2045 383 2085 σὺν
433 2041 475 2083 δ’
529 2041 840 2095 ἐποιμαίνοντο
891 2046 1004 2098 χαρᾷ
1044 2040 1212 2094 μελέων
1261 2042 1414 2094 βαλιαί
1460 2055 1504 2081 τε
1548 2041 1650 2093 λύγ-

819 2127 912 2166 κες,
1426 2111 1589 2152 antistr.

300 2182 380 2237 ἔβα
412 2181 459 2226 δὲ
495 2183 670 2226 λιποῦσ’
695 2182 905 2238 ”Οθρυος
936 2183 1082 2225 νάπαν
1115 2183 1307 2224 λεόντων
1583 2192 1650 2223 580

297 2254 324 2296 ἁ
355 2255 570 2309 δαφοινὸς
611 2254 699 2297 ἲλα·

143 2388 211 2418 555
237 2396 294 2418 τοι
327 2382 470 2428 Naber]
506 2395 568 2427 μοι
601 2382 690 2417 libri
803 2386 870 2417 557
901 2393 955 2426 sq.
983 2381 1084 2416 delet
1109 2381 1336 2417 Herwerden
1434 2384 1502 2416 558
1529 2384 1649 2416 καλεῖ-

85 2432 178 2465 σθαι
203 2431 237 2466 L
269 2444 318 2465 κα
350 2430 389 2465 in
420 2442 486 2465 κεκ
517 2431 608 2464 mut.
636 2431 649 2464 l
688 2432 693 2474 Ι
734 2429 977 2487 ἐχθροξένους
1007 2429 1050 2475 S]
1078 2428 1301 2471 κακοξένους
1325 2441 1345 2464 r
1467 2431 1535 2463 560
1562 2428 1650 2464 ὅται

84 2478 186 2524 ποτ’]
222 2477 379 2522 ὅτανπερ
414 2477 442 2513 S
562 2481 630 2512 561
658 2477 750 2524 πῶς]
788 2477 872 2512 fort.
905 2475 940 2511 τί
1061 2480 1129 2511 563
1156 2478 1241 2520 post
1266 2475 1448 2520 ἠθέλησεν
1474 2475 1648 2510 librarius

85 2524 224 2559 codicis
250 2525 286 2560 B
319 2524 474 2570 repetiit
498 2523 646 2560 litteras
677 2525 726 2564 ὡς
751 2524 863 2564 αὐτος
889 2527 908 2559 λ
934 2534 954 2558 e
978 2534 1087 2559 versu
1113 2523 1373 2565 antecedente,
1410 2533 1506 2567 quae
1532 2522 1648 2556 minio

85 2571 230 2607 deletae
265 2574 351 2606 sunt
495 2575 564 2607 564
599 2572 768 2617 ἐγνώρισε
802 2572 855 2618 Β]
891 2571 1082 2616 ἐγνώρισεν
1113 2583 1132 2606 r
1277 2574 1344 2604 565
1372 2571 1498 2617 καύτῷ
1519 2569 1557 2604 F.
1581 2569 1647 2604 Gu

86 2618 271 2679 Schmidt]
297 2619 362 2654 καὶ
387 2622 436 2665 τῷ
457 2618 546 2653 libri
571 2618 650 2663 (καί
681 2633 731 2666 τῳ
757 2619 895 2663 Heath)
942 2626 946 2656 1
993 2631 1038 2653 ου
1067 2615 1162 2660 δόξω
1189 2623 1341 2672 φρονεῖν
1366 2607 1593 2652 Herwerden

85 2670 153 2701 569
192 2663 219 2701 ὦ
259 2667 285 2712 l]
325 2666 368 2700 ἰώ
406 2655 468 2701 Lr
513 2667 518 2712 Ι
564 2656 778 2709 πολύξεινος
819 2666 884 2701 καὶ
922 2665 1123 2710 ἐλευθέρου
1161 2665 1293 2710 scripsi
1331 2662 1548 2706 πολυξείνου
1585 2664 1647 2698 καὶ

85 2713 283 2758 ἐλευθέρου
320 2712 500 2772 Purgold]
539 2714 755 2756 πολύξεινος
781 2714 846 2748 καὶ
873 2714 1069 2757 ἐλεύθερος
1094 2712 1181 2747 libri
1314 2715 1382 2746 570
1418 2711 1481 2745 καὶ
1523 2710 1558 2757 ὁ]
1590 2724 1641 2757 χῳ

84 2762 118 2796 L
223 2764 290 2796 572
318 2759 402 2795 έτλα
428 2760 629 2807 Matthiae]
657 2759 741 2805 έτλη
767 2760 855 2795 libri
961 2765 1030 2795 574
1057 2765 1193 2817 νομοῖς
1210 2759 1377 2817 Pierson]
1407 2755 1536 2803 δόμοις
1562 2748 1648 2792 libri

85 2806 247 2853 (δόμοισι
290 2808 339 2852 Β)
485 2811 552 2842 577
585 2808 790 2853 ποιμνήτας
821 2808 850 2843 S
884 2820 1080 2853 ποιμνιτας
1119 2805 1221 2846 τινὰς
1251 2819 1392 2851 υμνους
1423 2805 1648 2840 Herwerden

145 2859 212 2890 579
240 2853 369 2901 βαλιαί
394 2855 444 2901 L]
472 2853 632 2901 βαλίαιν
738 2858 807 2890 580
835 2854 976 2899 ὅθρυος
1002 2855 1051 2901 L]
1080 2853 1221 2897 ὀθρύος
1246 2865 1265 2888 r
