1929 3208
271 176 326 216 2ίὶ
899 172 1167 206 ΕΥΡΙΠΙΔΟΥ

275 287 370 325 m).
446 284 493 325 τὸ
527 280 633 336 σῶμ’
674 282 844 336 ὅμοιον,
876 281 923 322 τὸ
958 277 1005 322 δὲ
1038 277 1176 334 σαφές
1207 277 1250 334 μ’
1289 279 1530 334 ἀποστερεῖ.

276 358 362 396 1ν1.1.
450 352 622 403 σκέψαι’
654 354 700 394 τί
728 364 797 393 σοι
831 353 901 393 δεῖ·
930 353 1114 400 πίστεως
1147 350 1433 406 σαφεστέραςς

276 429 369 467 ‚mat
445 426 605 474 ἔοικας·
639 424 761 465 οὔτοι
794 423 923 465 τοῦτό
957 420 996 476 γ’
1034 421 1338 476 ἐξαρνήσομαι.

275 500 360 537 EA.
448 499 511 543 τίς
543 492 625 537 οὖν
659 494 824 545 διδάξει,
859 490 899 536 σ’
935 494 1066 542 ἄλλος
1098 493 1124 548 ἢ
1157 493 1208 534 τὰ
1240 490 1277 534 σ’
1317 493 1506 547 ὅμματα;
1727 504 1794 533 580

272 570 372 609 Mle.
448 566 538 609 ἐκεῖ
567 571 801 620 νοσοῦμεν,
835 565 900 606 ὅτι
935 560 1118 619 δάμαρτ’
1155 564 1292 617 ἄλλην
1325 565 1419 618 ἔχω,

275 641 360 679 ΕΛ.
448 637 528 679 οὐκ
560 634 704 691 ἦλθον
737 635 780 686 ἐς
812 642 894 690 γῆν
934 632 1124 692 Τρῳάδ’,
1158 630 1253 676 ἀλλ’
1290 635 1476 676 εἴδωλον
1509 631 1575 688 ἦν.

272 712 371 751 ΜΕ.
448 707 519 751 καὶ
552 711 615 758 τίς
648 707 865 762 βλέποντα
898 704 1060 761 σώματ’
1097 704 1383 759 ἐξεργάζεται;

274 783 361 822 ΕΛ.
447 781 598 834 αἰθήρ,
633 780 742 821 ὅθεν
774 779 829 821 σὺ
861 775 1097 831 θεοπόνητ’
1135 778 1245 831 ἔχεις
1279 775 1393 831 λέχη.

275 854 371 893 ΜΕ.
446 854 565 900 τίνος
596 850 841 899 πλάσαντος
871 852 1011 899 θεῶν;
1046 849 1207 890 ἄελπτα
1238 847 1322 901 γὰρ
1355 845 1504 901 λέγεις.
1726 858 1794 887 585

270 926 362 963 EA.
439 921 593 976 ἻΙρας,
627 918 876 974 διάλλαγμ’,
909 920 967 969 ὡς
1001 919 1143 972 Πάρις
1174 933 1226 973 με
1259 918 1315 973 μὴ
1350 917 1488 971 λάβοι.

269 996 370 1035 ME.
438 1000 536 1043 πῶς
568 989 650 1034 οὖν
682 991 752 1046 ἅμ’
789 989 943 1033 ἐνθάδ’
982 987 1102 1044 ἦσθά
1134 987 1171 1031 τ’
1207 989 1255 1032 ἐν
1293 990 1428 1045 Τροίᾳ
1460 987 1508 1030 θ’
1546 989 1650 1043 ἅμα;

271 1067 361 1105 ΕΛ.
448 1064 643 1119 τοῦνομα
676 1059 837 1117 γένοιτ’
874 1061 928 1103 ἂν
961 1065 1200 1116 πολλαχοῦ,
1232 1061 1280 1102 τὸ
1314 1067 1437 1114 σῶμα
1470 1057 1508 1102 δ’
1546 1059 1611 1102 οὕ.

270 1136 371 1177 ME.
447 1134 580 1189 μέθες
612 1150 677 1189 με,
712 1134 850 1186 λύπης
882 1133 977 1182 ἅλις
1008 1134 1119 1188 ἔχων
1152 1132 1360 1186 ἐλήλυθα.

272 1209 363 1247 ΕΛ.
451 1208 614 1255 λείψεις
646 1206 728 1258 γὰρ
761 1204 885 1258 ἡμᾶς,
918 1204 970 1245 τὰ
1002 1201 1050 1245 δὲ
1082 1200 1172 1245 κέν’
1210 1202 1369 1253 ἐξάξεις
1401 1201 1523 1257 λε’χης
1729 1213 1796 1243 590

271 1279 372 1318 ME.
446 1275 518 1318 καὶ
550 1275 676 1331 χαῖρέ
704 1273 766 1329 γ’,
790 1273 944 1330 Ἑλένῃ
977 1274 1230 1329 προσφερὴς
1262 1271 1469 1315 ὁθούνεκ’
1508 1269 1556 1315 εἶ.

270 1350 362 1389 ΕΛ.
448 1347 701 1402 ἀπωλόμην·
736 1345 932 1399 λαβοῦσά
965 1343 1004 1386 σ’
1042 1344 1122 1399 οὐχ
1155 1343 1234 1394 ἔξω
1266 1345 1409 1386 πόσιν.

269 1420 372 1460 ME.
447 1418 597 1460 τούκεῖ
625 1433 676 1472 με
709 1416 897 1472 μέγεθος
928 1423 1017 1458 τῶν
1049 1417 1199 1458 πόνων
1230 1417 1391 1469 πείθει,
1424 1417 1479 1458 σὺ
1513 1413 1553 1457 δ’
1591 1415 1656 1457 οὔ.

270 1493 361 1531 ΕΑ.
448 1490 494 1531 οἳ
523 1489 624 1544 ἐγώ·
656 1490 721 1539 τίς
752 1488 877 1543 ἡμῶν
910 1483 1070 1542 ἐγένετ’
1106 1485 1373 1541 ἀθλιωτέρας

448 1561 496 1602 οἱ
522 1562 724 1613 φίλτατοι
757 1560 964 1601 λείπουσί
991 1557 1034 1613 μ’
1072 1554 1169 1600 οὐδ’
1206 1557 1418 1613 ἀφίξομαι
1727 1567 1795 1599 595

437 1629 653 1685 ’Έλληνας
685 1627 791 1672 οὐδὲ
821 1630 1011 1684 πατρίδα
1042 1628 1124 1682 τὴν
1156 1627 1264 1683 ε’μήν
1296 1642 1410 1670 ποτε.

912 1770 1153 1803 ΑΓΓΕΛΟΣ.

449 1843 666 1897 Μενέλαε,
699 1842 928 1897 μαστεύων
960 1852 1007 1883 σε
1038 1841 1230 1895 κιγχάνω
1263 1843 1388 1895 μόλις

445 1922 593 1958 πᾶσαν
624 1911 868 1968 πλανηθεὶς
899 1913 1030 1967 τήνδε
1062 1912 1289 1966 βάρβαρον
1321 1913 1479 1967 χθόνα,

446 1984 666 2040 πεμφθεὶς
697 1983 882 2039 ἑταίρων
914 1990 1002 2025 τῶν
1034 1982 1329 2037 λελειμμένων
1360 1983 1458 2025 ὕπο.

270 2061 371 2100 ME.
446 2059 492 2099 τί
520 2055 561 2098 δ’
598 2058 736 2107 ὲ’στιν;
771 2055 825 2097 οὔ
855 2069 943 2097 που
974 2054 1211 2109 βαρβάρων
1244 2051 1433 2096 συλᾶσθ’
1468 2054 1574 2105 ὕπο;
1727 2065 1795 2096 600

270 2132 354 2170 ΑΓ
352 2131 392 2170 Γ
390 2163 398 2171 .
447 2126 583 2183 θαῦμ’
622 2124 726 2180 ἔστ’,
759 2128 947 2168 ἔλασσον
978 2120 1158 2179 τοῦνομ’
1195 2124 1221 2179 ἢ
1254 2126 1302 2167 τὸ
1335 2121 1498 2180 πρᾶγμ’
1535 2127 1648 2180 ἔχον.

271 2204 371 2243 ME.
444 2198 560 2253 λέγ’·
593 2199 651 2249 ὡς
683 2197 831 2254 φέρεις
861 2213 902 2239 τι
934 2197 1038 2252 τῇδε
1070 2196 1122 2251 τῇ
1155 2197 1327 2252 σπουδῇ
1359 2194 1475 2238 νέον.

367 2338 434 2368 578
468 2345 524 2368 σοι
563 2335 622 2368 δεῖ
657 2330 810 2372 πίστεως
848 2329 1088 2376 σαφεστέρας]
1120 2329 1305 2373 Badham,
1345 2341 1409 2364 σου
1448 2331 1506 2364 δεῖ
1534 2328 1589 2369 τίς
1626 2329 1698 2364 ἔστι
1730 2335 1795 2364 σοῦ

270 2389 494 2432 σοφώτερος,
520 2387 599 2422 LG
639 2388 642 2430 Ι
683 2384 717 2419 τί
743 2385 908 2428 σούνδεῖ,
940 2383 1083 2418 Seidler
1204 2386 1273 2417 580
1298 2381 1344 2417 τὰ
1376 2382 1420 2417 σὰ
1448 2381 1481 2428 γ’
1512 2383 1602 2427 LG,
1632 2382 1677 2417 τὰ
1711 2382 1743 2417 σ’
1772 2396 1795 2429 {J

366 2445 431 2476 581
460 2440 536 2475 ἐκεῖ
566 2440 762 2484 νοσοῦμεν]
790 2437 973 2482 Scaliger,
1006 2436 1125 2471 ἐκεῖνο
1153 2441 1217 2471 σοῦ
1250 2434 1316 2480 μὲν
1342 2436 1420 2471 LG'
1544 2439 1611 2470 583
1638 2434 1794 2482 σώματ’]

270 2493 431 2538 φάσματ’
455 2494 493 2528 F.
516 2493 582 2528 Gu.
605 2491 783 2534 Schmidt,
805 2489 957 2536 σχήματ’
982 2489 1113 2523 Vitelli
1199 2493 1266 2524 584
1286 2489 1370 2524 fort.
1393 2486 1485 2534 εἶχες
1567 2492 1636 2523 585
1657 2488 1794 2524 ἄελπτα

270 2549 316 2591 L,
343 2547 497 2581 εὕελπτα
525 2546 570 2590 G,
597 2545 733 2580 ἄπιστα
760 2543 921 2578 Schenkl
1029 2546 1095 2577 586
1114 2540 1248 2588 ”Ήρας]
1276 2541 1450 2587 Scaliger,
1477 2540 1548 2586 ἤρα
1574 2542 1652 2577 LG
1675 2543 1678 2585 Ι
1701 2541 1794 2587 λάβη

270 2603 359 2635 mut.
386 2600 426 2634 in
460 2599 567 2646 λάβοι
596 2599 629 2633 G
751 2600 817 2631 587
845 2595 927 2642 ἅμ’]
956 2607 1171 2640 anonymus,
1198 2594 1245 2631 ἂν
1271 2596 1349 2630 LG
1389 2597 1393 2640 Ι
1434 2591 1535 2639 ἦσθά
1565 2594 1618 2642 τ’]
1644 2595 1794 2639 Barnes,

270 2650 357 2697 ἧσθ’
383 2653 471 2688 LG.
516 2648 604 2696 ἧσθ’
636 2650 674 2686 ἐν
695 2648 790 2696 Ἰλίῳ
815 2647 857 2683 θ’
889 2649 964 2693 ἅμα
990 2649 1132 2683 Mekler
1229 2652 1296 2683 589
1323 2649 1452 2694 λύπης]
1478 2648 1652 2693 Elmsley,
1679 2648 1795 2688 λύπας

271 2707 350 2742 LG
459 2710 524 2740 592
553 2702 744 2748 ἀπολόμην
773 2703 806 2737 G
828 2703 832 2748 Ι
856 2714 893 2736 σε
919 2703 963 2746 L,
991 2701 1023 2736 σ’
1055 2703 1109 2737 IG
1149 2703 1154 2747 Ι
1193 2700 1343 2748 λαβοῦσ’
1381 2700 1440 2745 ἄρ’
1476 2701 1700 2736 Hel-werden

272 2764 338 2794 595
366 2757 529 2794 λείπουσί
556 2757 614 2803 μ’]
639 2757 848 2802 Musgrave‚
874 2754 1061 2790 λείπουσιν
1093 2756 1171 2791 LG
1286 2759 1354 2789 597
1386 2754 1564 2801 κιγχάνω]
1597 2753 1794 2798 Mabsshiae,

271 2812 409 2858 κιχάνω
436 2812 515 2846 LG
630 2814 698 2845 600
725 2809 843 2844 οὔπου
869 2809 958 2852 LG,
986 2804 1005 2852 ἧ
1032 2821 1105 2844 που
1131 2810 1143 2843 Ζ
1257 2812 1322 2842 601
1349 2806 1468 2852 θαῦμ’
1499 2806 1590 2854 ἔστ’]
1617 2806 1794 2853 Scaliger,

271 2864 402 2909 θανμά
424 2863 481 2899 ’στ
506 2865 552 2907 L,
578 2861 765 2908 θαυμάστ’
799 2862 832 2897 G
855 2863 858 2908 Ι
883 2861 973 2907 ἔχων
993 2862 1084 2906 LG,
1111 2861 1194 2908 ἕχον
1219 2874 1241 2907 (J
1339 2865 1477 2896 602-5
1503 2860 1662 2895 lineolae
1687 2871 1793 2906 prae-

273 2918 367 2952 fixae
392 2916 430 2951 in
456 2917 533 2952 LG
631 2920 697 2950 602
725 2914 840 2960 φέρης
867 2915 901 2950 G
