1929 3208
262 126 310 164 18
907 129 1174 160 ΕΓΙἪΙΙΔΗΓ

471 232 609 286 ἐχθρὰ
638 234 720 285 γὰρ
755 234 777 286 ἡ
813 234 989 276 ’πιοῦσα
1021 237 1209 289 μητρυιὰ
1243 235 1410 285 τέκνοις

473 310 560 352 τοῖς
593 304 774 356 πρόσθ’,
807 303 981 359 ἐχίδνης
1013 305 1147 347 οὐδὲν
1179 305 1408 360 ἠπιωτέρα.
1756 320 1823 349 310

471 375 541 414 καὶ
574 380 675 423 παῖς
707 374 787 427 μὲν
821 376 962 429 ἄρσην
994 375 1145 431 πατέρ’
1178 374 1264 431 ἔχει
1296 378 1469 431 πύργον
1501 377 1652 432 μέγαν,

471 445 543 498 Ιὸν
577 445 645 485 καὶ
681 452 893 499 προσεῖπε
926 447 998 488 καὶ
1031 450 1317 502 προσερρήθη
1351 448 1523 502 πάλινΙ,

471 518 526 557 σὺ
560 516 615 565 δ’,
648 513 681 557 ὦ
715 515 870 559 τέκνον
902 534 990 571 μοι,
1023 525 1113 568 πῶς
1144 521 1399 577 κορευθήσῃ
1431 523 1588 569 καλῶς;

472 589 599 636 ποίας
632 593 826 642 τυχοῦσα
859 590 1052 643 συζύγου
1085 594 1146 646 τῷ
1179 597 1240 645 σῷ
1273 591 1421 645 πατρίς

471 661 527 712 μή
561 660 634 700 σοί
665 659 749 700 τιν’
781 660 969 714 αἰσχρὰν
1001 663 1317 714 προσβαλοῦσα
1349 662 1542 715 κληδόνα
1759 674 1825 704 315

476 731 581 784 ἥβης
613 729 662 772 ἐν
695 730 808 787 ἀκμῇ
841 734 948 781 σοὺς
980 733 1224 790 διαφθείρῃ
1256 733 1432 786 γάμους.

472 801 524 842 οὐ
558 802 641 855 γάρ
674 813 722 843 σε
754 805 894 857 μήτηρ
922 803 1022 844 οὔτε
1055 804 1297 858 νυμφεύσει
1333 805 1437 845 ποτὲ

472 873 566 914 οὔτ’
599 871 647 914 ἐν
680 875 847 915 τόκοισι
880 881 997 915 σοῖσι
1027 879 1262 928 θαρσυνεῐ,
1295 875 1465 928 τέκνον,

472 944 674 998 παροῦσ”,
708 945 768 985 ἵν’
800 945 934 986 οὐδὲν
966 947 1128 1000 μητρὸς
1159 946 1485 1000 εὐμενέστερον.

473 1016 540 1056 δεῖ
573 1017 656 1069 γὰρ
689 1020 851 1057 θανεῖν
882 1030 950 1069 με’
985 1017 1057 1058 καὶ
1089 1017 1182 1059 τόδ’
1215 1017 1296 1059 οὐκ
1329 1016 1371 1067 ἐς
1403 1019 1561 1071 αὔριον
1760 1029 1827 1060 320

474 1086 572 1127 οὐδ’
604 1086 648 1135 ἐς
680 1088 832 1141 τρίτην
865 1104 938 1140 μοι
970 1089 1108 1142 μηνὸς
1139 1086 1310 1143 ἔρχεται
1341 1090 1491 1142 κακόν,

475 1158 570 1200 ἀλλ’
603 1158 745 1200 αὐτίκ’
779 1158 827 1200 ἐν
860 1166 952 1208 τοῖς
983 1158 1131 1214 μηκέτ’
1164 1155 1265 1201 οὖσι
1298 1159 1483 1212 λέξομαι.

473 1231 700 1283 χαίροντες
733 1230 1074 1284 εὐφραίνοισθε·
1107 1231 1180 1272 καὶ
1212 1231 1282 1272 σοὶ
1314 1231 1407 1284 μέν,
1439 1233 1556 1282 πόσι,

474 1301 648 1354 γυναῖκ’
682 1301 867 1355 ἀρίστην
900 1299 991 1342 ἔστι
1023 1302 1243 1354 κομπάσαι
1277 1304 1442 1355 λαβεῖν,

473 1372 580 1425 ὑμῖν
613 1371 676 1425 δέ,
708 1372 882 1426 παῖδες,
913 1373 1076 1427 μητρὸς
1108 1372 1412 1426 ἐκπεφυκέναι.
1760 1383 1828 1415 325

320 1447 409 1485 XO.
477 1443 649 1497 θάρσει·
684 1444 769 1497 πρὸ
802 1444 963 1486 τούτου
996 1445 1079 1499 γὰρ
1114 1443 1258 1498 λέγειν
1291 1445 1371 1498 οὐχ
1405 1445 1574 1497 ἅζομαι·

474 1515 625 1568 δράσει
659 1514 768 1567 τάδ’,
801 1515 922 1569 εἴπερ
953 1513 1010 1569 μὴ
1045 1522 1225 1569 φρενῶν
1257 1515 1506 1570 ἁμαρτάνει.

316 1591 409 1628 ΑΔ.
475 1585 609 1647 ἔσταιἃ
626 1586 722 1627 τάδ’
756 1584 891 1640 ἔσται,
923 1587 980 1641 μὴ
1014 1585 1183 1645 τρέσῃς·
1218 1586 1309 1628 ἐπεὶ
1344 1586 1384 1628 σ’
1417 1586 1501 1640 ἐγὼ

475 1658 546 1699 καὶ
579 1660 723 1708 ζῶσαν
755 1654 876 1712 εἶχον
909 1657 981 1699 καὶ
1012 1657 1205 1699 θανοῦσ’
1237 1657 1315 1711 ἐμὴ
1349 1659 1461 1712 γυνὴ

476 1730 588 1783 μόνη
622 1731 810 1787 κεκλήσῃ
843 1729 992 1778 κοῦτις
1025 1728 1123 1770 ἀντὶ
1156 1735 1237 1770 σοῦ
1270 1742 1374 1770 ποτε
1763 1739 1831 1771 330

476 1800 597 1842 τόνδ’
630 1800 773 1854 ἄνδρα
805 1800 958 1854 νύμφη
995 1800 1205 1849 Θεσσαλὶς
1237 1798 1603 1854 προσφθέγξεται.

477 1873 557 1913 οὐκ
591 1869 712 1913 ἔστιν
744 1870 884 1920 οὕτως
916 1871 1017 1913 οὔτε
1049 1872 1212 1925 πατρὸς
1244 1870 1455 1925 εὐγενοῦς

476 1943 569 1984 οὔτ’
602 1939 719 1992 εἶδος
751 1943 893 1991 ἄλλως
924 1941 1246 1997 ἐκπρεπεστάτη
1279 1944 1404 1996 γυνή.

477 2015 570 2064 ἅλις
602 2014 651 2056 δὲ
683 2014 871 2056 παίδων·
905 2013 1037 2055 τῶνδ’
1069 2014 1226 2067 ὄνησιν
1258 2014 1438 2067 εὔχομαι

476 2091 600 2135 θεοῖς
632 2085 859 2139 γενέσθαι·
895 2091 976 2127 σοῦ
1009 2086 1092 2140 γὰρ
1127 2085 1208 2126 οὐκ
1240 2085 1460 2138 ὠνήμεθα.
1762 2095 1830 2125 335

477 2157 582 2198 οἴσω
617 2156 665 2198 δὲ
697 2155 864 2205 πένθος
898 2156 977 2197 οὐκ
1009 2155 1185 2210 ἐτήσιον
1216 2156 1264 2197 τὸ
1299 2157 1393 2208 σόν,

325 2314 392 2345 310
421 2310 568 2355 ἐχίὸνη·
596 2310 630 2343 B
671 2309 702 2343 ὸ
733 2321 811 2353 sup
841 2322 857 2348 ς
884 2309 968 2342 add.
998 2308 1051 2343 B¹
1149 2311 1216 2342 312
1256 2308 1446 2351 (cf1.195)
1485 2306 1595 2341 eiecit
1633 2306 1784 2341 Pierson

266 2362 332 2391 314
372 2356 497 2400 ποίας]
533 2357 638 2397 τοίας
677 2356 813 2391 Reiske
912 2360 1043 2399 317sq
1084 2356 1278 2400 νυμφεύσω
1324 2357 1360 2389 et
1403 2357 1580 2398 θαρσυιῶ
1625 2353 1786 2398 Lenting

265 2409 332 2440 318
360 2412 455 2440 σοῖσι
475 2407 661 2447 θαρσυνεῐ
683 2402 812 2439 τέκιον
839 2407 884 2448 51
913 2411 1007 2439 τοῖσι
1035 2410 1130 2438 σοῖσι
1156 2405 1343 2446 θαρσυνεῖ
1364 2414 1384 2436 r
1410 2403 1473 2436 cf.r
1503 2405 1581 2436 731.
1610 2404 1688 2435 304.
1716 2404 1782 2435 227

267 2456 334 2487 320
362 2455 432 2495 δεῖ]
460 2451 543 2486 fort.
571 2451 639 2498 χρὴ
671 2453 675 2495 l
708 2452 744 2491 ἐς
769 2452 818 2512 L]
847 2453 899 2492 εἰς
924 2463 943 2485 ι
1018 2455 1131 2485 321-
1138 2453 1205 2484 322
1232 2449 1271 2483 in
1296 2451 1402 2484 textu
1428 2461 1510 2491 om„
1537 2449 1575 2483 in
1601 2460 1717 2494 marg.
1738 2448 1834 2483 infe-

264 2500 360 2535 riore
388 2499 473 2533 add.
502 2499 556 2533 L¹
677 2502 741 2532 321
777 2500 829 2538 εἰς
855 2498 942 2542 ἕνην
969 2511 1032 2543 μοι
1058 2499 1171 2543 μηιὸς
1205 2496 1261 2541 (cl.
1289 2497 1403 2531 schol.
1431 2497 1581 2541 Aristop
1584 2496 1619 2532 h.
1647 2496 1737 2531 Aah.
1766 2499 1831 2529 172

267 2555 442 2591 παρεῖναι
481 2546 513 2581 ὁ
556 2548 608 2586 εἰς
646 2546 744 2590 ε’·νην
786 2545 865 2581 οἷον
898 2547 951 2587 εἰς
983 2544 1109 2589 τρίτην
1137 2573 1143 2579 .
1167 2571 1173 2578 .
1197 2572 1203 2578 .
1230 2545 1325 2585 τινὲς
1352 2545 1391 2579 δὲ
1418 2544 1470 2585 εἰς
1496 2543 1695 2588 τριακάδα)
1722 2542 1833 2586 West,

267 2595 302 2635 ἐς
328 2607 452 2638 τριτον
479 2607 542 2638 μοι
567 2593 701 2638 φέγγος
727 2593 953 2651 Herjverclen
1052 2596 1120 2626 322
1146 2591 1290 2636 μηκέτ’]
1319 2591 1441 2628 οὐκέτ’
1469 2591 1497 2627 S
1592 2595 1659 2626 325
1685 2592 1832 2634 παῖδες]

267 2645 399 2686 κεδνῆς
425 2642 467 2676 R.
489 2642 598 2676 Prinz
674 2644 740 2675 326
769 2655 839 2686 ουχ
867 2641 1002 2685 ἅζομαι
1029 2641 1110 2683 Ba]
1138 2641 1182 2674 οὐ
1208 2639 1366 2684 χάζομαι
1390 2639 1466 2674 Sa²
1491 2640 1528 2673 eb
1553 2638 1595 2673 oc3
1677 2641 1744 2672 327
1772 2635 1832 2682 ἤν-

267 2704 332 2733 περ
349 2711 390 2716 -—
407 2689 637 2736 ἁμαρτάνῃ
631 2690 657 2724 5
730 2691 860 2732 3288q.
887 2687 1000 2723 verba
1026 2687 1166 2731 μὴ..
1195 2686 1296 2732 εἶχον
1317 2686 1418 2721 delet
1437 2686 1589 2721 Rassow
1662 2688 1729 2719 329
1751 2684 1832 2729 ἐμὴ]

267 2738 354 2773 ἐιιοῦ
381 2750 403 2772 α
501 2739 568 2771 330
595 2738 698 2779 ποτε]
724 2733 834 2771 πόσιν
860 2735 1002 2769 Mekler
1100 2715 1178 2769 332
1207 2738 1273 2768 333
1314 2734 1458 2778 spurios
1498 2734 1624 2768 censet
1654 2732 1785 2766 Nauck

268 2789 333 2818 333
363 2783 639 2828 ἐκπρεπεστάτη
666 2784 693 2818 5
729 2784 781 2828 ‹in
807 2785 843 2817 P
878 2784 918 2817 ἐκ
944 2782 983 2816 in
1009 2793 1079 2816 ras.
1082 2784 1110 2826 )]
1137 2781 1412 2826 εὐπρεπεστάτη
1436 2793 1456 2816 r
1493 2781 1583 2824 ἄλλη
1616 2785 1681 2815 σοῦ
1707 2778 1832 2823 ’-κπρε

269 2832 424 2874 πεστέρ(
464 2832 582 2866 Βοίὼε·
627 2831 714 2875 ἄλλη
754 2830 823 2865 ’στ
866 2833 961 2864 (cum
1000 2829 1038 2863 F.
1061 2829 1156 2863 Guil.
1180 2829 1399 2872 Schmidtio)
1435 2826 1708 2886 εοπρεπεστέρα
1734 2828 1832 2872 (cum

270 2879 426 2913 Lentino
409 2880 480 2918 ioN
508 2879 548 2913 R.
572 2879 697 2920 Prim,
724 2878 807 2912 fort.
836 2877 954 2912 ἄλλωι
981 2877 1046 2911 sic
1074 2877 1296 2921 Wakefield)
1324 2876 1507 2920 ἐκπιεπὴς
1534 2874 1628 2910 ούτω
