1929 3208
851 137 936 171 ΙΩΝ
1604 136 1623 175 1
1632 135 1657 175 9

345 244 392 287 ἐν
422 251 514 294 τοῖς
546 245 629 300 γὰρ
662 245 798 287 αὑτοῦ
832 245 1030 300 δώμασιν
1062 244 1192 294 κακὸς
1223 241 1379 299 φανεὶς
1589 255 1657 286 370

348 318 514 370 Φοῖβος
546 317 728 366 δικαίως
758 317 836 358 τὸν
868 315 1188 371 θεμιστεύοντά
1221 326 1291 357 σοι

348 387 551 441 δράσειεν
583 388 638 428 ἄν
668 403 708 429 τι
740 385 869 442 πῆμ’·
902 387 1199 439 ἀπαλλάσσου,
1232 387 1381 440 γύναι·

344 464 403 515 τῷ
435 458 518 512 γὰρ
551 459 642 515 θεῷ
674 456 872 500 τάναντί’
911 458 965 500 οὐ
996 456 1273 512 μαντευτέον.

349 528 392 578 ἐς
423 529 506 582 γὰρ
538 535 753 571 τοσοῦτον
785 528 978 583 ἀμαθίας
1010 531 1218 582 ἔλθοιμεν
1250 529 1318 580 ἄν,

349 601 389 641 ει’
418 601 521 649 τοὺς
551 601 688 649 θεοὺς
720 600 906 648 ἄκοντας
938 599 1239 653 ἐκπονήσομεν
1591 610 1659 641 375

345 671 526 725 φράζειν
558 669 584 711 ἃ
615 670 673 724 μὴ
706 669 921 712 θέλουσιν
954 670 978 723 ἢ
1011 672 1283 725 προβωμίοις

345 749 559 796 σφαγαῖσι
593 742 744 795 μήλων
776 740 802 795 ἢ
836 738 895 782 δι’
932 742 1104 783 οἰωνῶν
1135 741 1283 794 πτερά.

345 811 399 853 ἃν
430 813 513 866 γὰρ
545 813 620 868 βία
653 812 912 866 σπεύδωμεν
945 812 1145 854 ἀκόντων
1176 815 1311 864 θεῶν,

345 883 538 937 ἀνόνητα
570 884 844 937 κεκτήμεσθα
875 881 1052 936 τάγάθ’,
1087 879 1120 924 ὦ
1152 883 1304 936 γύναι·

346 953 372 995 ἃ
405 952 446 996 δ’
483 953 537 995 ἂν
571 952 724 996 διδῶσ’
760 952 947 1008 ἑκόντες,
979 953 1286 1008 ὠφελούμεθα.
1593 966 1661 996 380

134 1027 223 1066 XO.
344 1027 508 1067 πολλαί
534 1041 583 1079 γε
615 1028 794 1075 πολλοῖς
826 1026 910 1067 εἰσι
943 1023 1170 1080 συμφοραὶ
1201 1027 1391 1079 βροτοῖς,

346 1095 515 1151 μορφαὶ
548 1094 596 1138 δὲ
629 1095 938 1150 διαφέρουσιν·
971 1097 1020 1138 ’ἐν
1052 1092 1092 1138 δ’
1129 1095 1184 1138 ἂν
1217 1094 1394 1151 εὐτυχὲς

347 1169 473 1222 μόλις
503 1165 600 1209 ποτ’
639 1167 807 1223 ἐξεύροι
839 1183 903 1217 τις
935 1167 1189 1221 ἀνθρώπων
1220 1169 1317 1224 βίῳ.

134 1240 220 1280 ΚΡ.
349 1235 381 1280 ὦ
418 1240 570 1293 Φοῖβε,
600 1238 726 1280 κάκεῖ
754 1237 944 1280 κάνθάδ’
981 1238 1034 1281 οὐ
1068 1239 1237 1288 δίκαιος
1269 1235 1310 1280 εἶ

346 1308 389 1359 ἐς
419 1310 500 1364 τὴν
534 1309 748 1363 ἀποῦσαν,
781 1306 832 1364 ἧς
863 1309 1066 1364 πάρεισιν
1100 1310 1146 1351 οἱ
1173 1311 1312 1364 λόγοι,
1594 1321 1661 1352 385

352 1379 400 1430 ὃς
432 1379 525 1422 οὔτ’
562 1382 728 1430 ἔσωσας
760 1381 837 1422 τὸν
870 1381 950 1422 σὸν
983 1379 1035 1422 ὃν
1067 1383 1211 1423 σῶσαί
1238 1392 1286 1422 σε
1318 1387 1444 1436 χρῆν,

349 1450 452 1494 οὔθ’
492 1452 728 1508 ἱστορούσῃ
762 1450 892 1507 μητρὶ
924 1452 1076 1506 μάντις
1109 1452 1172 1493 ὢν
1204 1451 1329 1506 ἐρεῖς,

353 1523 424 1576 ὡς,
458 1524 498 1565 εί
527 1521 607 1577 μὲν
640 1521 780 1565 οὐκέτ’
819 1524 952 1577 ἔστιν,
986 1523 1165 1578 ὀγκωθῇ
1198 1524 1339 1581 τάφῳ,

350 1595 390 1636 εἰ
420 1592 460 1636 δ’
498 1596 631 1648 ἔστιν,
665 1596 775 1649 ἔλθῃ
809 1595 971 1649 μητρὸς
1003 1595 1065 1644 εἰς
1096 1595 1201 1645 ὄψιν
1232 1594 1349 1637 ποτέ.

350 1661 444 1708 ἀλλ’
481 1664 557 1707 ἐᾶν
589 1666 670 1720 χρὴ
702 1663 814 1719 τάδ’,
849 1667 890 1707 εἰ
918 1666 1027 1720 πρὸς
1059 1672 1138 1708 τοῦ
1170 1670 1282 1708 θεοῦ
1594 1678 1662 1709 390

348 1738 642 1790 κωλυόμεσθα
674 1737 731 1791 μὴ
765 1740 928 1791 μαθεῖν
960 1736 985 1778 ἃ
1017 1737 1247 1792 βούλομαι.

349 1805 462 1861 ἀλλ’,
496 1804 529 1849 ὦ
563 1806 669 1861 ξέν’,
703 1809 860 1863 εἰσορῶ
892 1808 976 1864 γὰρ
1009 1807 1166 1863 εὐγενῆ
1198 1810 1331 1851 πόσιν

350 1878 533 1926 Ξοῦθον
564 1877 698 1929 πέλας
731 1880 784 1933 δὴ
816 1879 946 1922 τόνδε
977 1880 1054 1929 τὰς
1091 1882 1357 1935 Τροφωνίου

347 1951 531 1992 λιπόντα
563 1951 780 2005 θαλάμας,
813 1952 916 2000 τοὺς
949 1949 1238 2006 λελεγμένους
1270 1952 1432 2004 λόγους

235 2140 302 2171 370
329 2135 468 2172 lineola
487 2137 524 2182 (i.
546 2148 576 2172 e.
599 2139 688 2182 KP.)
713 2138 878 2183 praefixa
898 2137 937 2172 in
956 2138 1043 2182 LP,
1071 2140 1274 2173 correctum
1295 2138 1334 2173 in
1354 2139 1411 2174 ed.
1431 2139 1667 2185 Hervagiana

142 2189 262 2225 altera
284 2192 288 2234 Ι
311 2191 425 2225 αὐτοῦ
446 2192 587 2235 δώμασι
607 2192 687 2226 LP
764 2196 830 2226 371
851 2192 1120 2236 θεμιστεύοντα
1140 2192 1228 2235 LP,
1253 2192 1541 2236 θεμιστεύσοντα
1557 2205 1585 2237 p

138 2246 207 2277 373
227 2243 312 2278 fort.
338 2250 416 2284 τοῖς
435 2244 504 2290 γὰρ
525 2247 645 2280 θεοῖσι
667 2243 785 2280 τάντί’
876 2249 944 2279 374
966 2244 1002 2285 ἐς
1027 2245 1229 2291 τοῦσχατον
1250 2244 1319 2290 γὰρ
1340 2245 1521 2290 Badham,
1543 2246 1578 2286 ἐς
1598 2246 1666 2292 γὰρ

136 2294 253 2331 πόσον
278 2296 380 2331 τοῦτ’
405 2297 558 2343 Madvig
631 2302 697 2333 375
725 2298 901 2344 ἄκοντας]
921 2298 1103 2342 Brodeau‚
1131 2297 1283 2338 ἑκόντας
1302 2299 1381 2333 LP
1450 2303 1517 2333 377
1538 2299 1668 2346 πτερά]

138 2349 268 2394 scripsi
294 2351 450 2394 (πτερῶν
475 2350 661 2396 ΚνὶἆᾶΙα),
693 2358 841 2396 πτεροῖς
866 2353 945 2387 LP
965 2354 969 2399 Ι
992 2351 1043 2387 δι’
1074 2351 1326 2396 οἰωνισμάτων
1354 2353 1586 2388 Schoemann

139 2405 206 2436 378
234 2401 297 2449 ἂν]
325 2403 503 2449 Scaliger,
530 2403 578 2440 ἂν
598 2405 677 2439 LI'
772 2409 839 2440 379
867 2404 1048 2452 ἀνόνητα]
1074 2405 1118 2440 H.
1141 2405 1364 2450 Stephanus,
1391 2406 1531 2441 ἄκοντα
1557 2408 1635 2441 LP
1662 2408 1665 2453 Ι

137 2455 347 2499 κεκτήμεθα
367 2457 404 2490 P
485 2461 554 2492 380
581 2457 620 2504 ἃ]
647 2458 730 2493 fort.
759 2456 815 2499 οἷς
901 2463 967 2493 381
997 2460 1144 2505 βροτοῖς
1171 2458 1273 2493 Stob.
1300 2458 1334 2493 fl.
1363 2463 1417 2503 98,
1444 2464 1500 2502 41,
1528 2461 1668 2506 βροτῶν

139 2508 218 2543 LP
311 2512 378 2543 382
405 2517 566 2555 μορφαῖς
592 2513 629 2546 et
661 2511 700 2546 ἐν
732 2510 768 2546 δ’
799 2510 985 2557 εὐτυχίαις
1011 2512 1194 2547 Stobaeus
1292 2516 1359 2546 382
1376 2524 1428 2557 sq.
1456 2512 1521 2548 ἕνα
1554 2512 1590 2547 δ’
1621 2512 1668 2548 ἂν

139 2561 270 2606 εὐτυχῆ
298 2591 304 2596 .
334 2591 340 2597 ,
368 2561 572 2607 ἀνθρώπου
605 2563 688 2609 βίον
718 2564 842 2599 Heath
873 2564 1095 2610 (ἄνθρωπον
1127 2564 1194 2612 βίῳ
1227 2565 1483 2610 Herwerden),
1517 2566 1600 2601 fort.
1628 2565 1668 2601 ἓν

139 2614 272 2656 πτερὸν
304 2615 415 2660 τύχης
442 2645 447 2651 .
477 2645 483 2651 .
510 2615 558 2652 ἂν
589 2619 741 2661 θνητῶν
773 2616 851 2665 βίῳ.
903 2617 974 2653 Cfr.
1001 2619 1133 2653 Aesch.
1162 2618 1289 2664 Suppl.
1318 2622 1384 2652 331
1484 2622 1551 2653 383
1585 2617 1668 2665 βίον

141 2678 320 2712 superscr.
347 2680 374 2714 ῳ
400 2669 447 2712 L,
473 2667 555 2714 βίον
582 2669 625 2713 Ρ,
652 2668 719 2715 βίω
740 2682 779 2714 p,
806 2669 889 2717 βίον
916 2671 1098 2707 Stobaeus
1196 2676 1263 2705 38ss
1291 2670 1331 2711 ὃς
1357 2670 1454 2718 οὔτ’]
1480 2672 1670 2707 Hermann

141 2718 195 2763 (ὅς
222 2719 255 2765 γ’
286 2719 362 2755 οὔτ’
391 2720 561 2767 Dobree),
587 2723 630 2757 σὺ
657 2721 692 2757 δ’
723 2724 789 2757 οὐκ
810 2724 854 2768 P,
881 2725 948 2760 σὺ*
975 2726 1041 2759 οὐκ
1068 2727 1102 2769 (κ
1130 2735 1174 2759 ex
1200 2738 1220 2759 ν
1247 2726 1288 2758 ut
1313 2724 1463 2759 videtur
1488 2725 1602 2771 facto)
1622 2726 1669 2770 L,

140 2773 184 2808 σύ
210 2772 243 2819 γ’
281 2774 348 2808 οὐκ
375 2775 386 2807 l
408 2775 412 2819 Ι
436 2773 468 2808 σ’
499 2774 609 2820 ἐχρῆν
635 2775 714 2809 LP
808 2780 876 2811 390
902 2778 987 2812 fort.
1021 2778 1136 2818 ἄλλως
1161 2776 1225 2822 ἕδη
1253 2777 1455 2822 χρηστήρι’,
1482 2779 1514 2813 εἰ
1539 2779 1670 2824 (ἄλλως

140 2826 355 2872 Musgrave,
394 2826 458 2873 ἕδη
491 2827 640 2873 Nauck,
678 2829 866 2874 χρηστήρι’
902 2830 1108 2875 Kirchhoff)
1229 2835 1297 2864 393
1335 2831 1382 2876 δὴ
1419 2830 1543 2878 τόνδε]
1583 2832 1667 2868 fort.

141 2890 332 2925 στειχοντα

1341 2943 1386 2977 2*
