1929 3208
629 886 946 934 NOTARUM
976 885 1192 934 INDEX.

193 1024 228 1060 L
246 1041 281 1054 =
300 1024 378 1059 cod.
400 1024 571 1060 Laurent.
593 1028 648 1067 32,
670 1028 689 1059 2
716 1025 935 1060 chartaceus
962 1036 1055 1060 saec.
1076 1024 1171 1060 XIV.

299 1084 311 1119 l
330 1101 364 1113 =
383 1095 514 1119 manus
540 1085 787 1120 correctricem

192 1144 280 1179 P==
299 1143 414 1178 codex
445 1143 639 1179 Palatinus
670 1143 768 1179 inter
787 1143 991 1179 Vaticanos
1024 1147 1089 1179 287
1123 1143 1428 1179 membranaceus
1461 1155 1554 1180 saec.
1575 1143 1669 1180 XIV.

357 1202 500 1238 Desunt
524 1215 555 1238 V.
576 1206 785 1238 244—351.

294 1274 322 1307 p
341 1280 375 1292 =
394 1274 524 1297 manus
551 1263 798 1298 correctrices.

193 1380 359 1416 Contulit
396 1382 462 1416 hos
499 1381 613 1416 libros
652 1381 693 1415 R.
728 1381 842 1416 Prinz.
899 1379 970 1416 cfr.
1004 1381 1118 1416 etiam
1149 1381 1415 1417 Wilamowitzi
1451 1382 1557 1421 Anal.
1584 1382 1671 1418 Eur.

145 1452 180 1485 p.
203 1443 246 1474 10
261 1452 339 1485 sqq.
390 1440 586 1476 Praeterea
612 1440 762 1475 collatio
790 1440 946 1475 duorum
973 1440 1142 1476 codicum
1169 1451 1280 1485 quam
1301 1441 1516 1477 Theodorus
1535 1441 1672 1488 Preger

145 1500 184 1534 in
209 1511 316 1534 usum
343 1499 454 1534 amici
479 1500 553 1535 mei
572 1499 734 1544 Adolphi
754 1500 912 1535 Roemer
937 1499 1098 1534 confecit
1124 1501 1161 1534 et
1187 1511 1241 1543 ea,
1263 1511 1358 1545 quae
1379 1500 1425 1535 ab
1446 1501 1488 1536 A.
1504 1501 1670 1536 Mancini

145 1560 184 1594 in
204 1559 349 1594 Rivista
373 1559 411 1594 di
437 1558 561 1594 Storia
581 1559 717 1594 Antica
737 1559 786 1593 IV
807 1561 926 1604 (1899)
952 1571 987 1604 p.
1009 1563 1130 1594 3—16
1157 1559 1349 1604 publicata
1374 1562 1440 1604 est,
1467 1560 1560 1595 mihi
1586 1561 1670 1595 usui

144 1618 305 1654 fuerunt.

191 1677 266 1712 Ubi
297 1677 334 1718 ἐς
359 1677 455 1723 (ἔσω)
481 1689 601 1723 neque
626 1680 744 1714 metro
768 1678 971 1723 requiritur
995 1689 1115 1723 neque
1141 1690 1163 1713 a.
1187 1689 1246 1714 me
1272 1678 1474 1724 quidquam
1500 1680 1670 1715 notatum

145 1739 212 1781 est,
237 1736 326 1772 libri
351 1737 528 1773 exhibent
553 1738 605 1778 εἰς
631 1737 753 1782 (εἴσω).

192 1796 246 1831 De
272 1797 309 1832 P
324 1807 368 1831 ex
388 1797 423 1832 L
447 1797 613 1832 derivato
639 1797 722 1832 vide
749 1796 797 1831 ad
822 1808 854 1831 v.
876 1800 931 1841 32,
960 1800 1038 1832 106.
1088 1797 1123 1832 L
1149 1797 1341 1842 complura,
1365 1797 1480 1832 habet
1505 1808 1600 1842 quae
1626 1808 1670 1832 ex

146 1857 182 1891 P
202 1855 322 1900 repeti
348 1866 421 1891 non
446 1857 601 1900 possunt
628 1856 697 1901 (cfr
728 1859 808 1899 495,
829 1859 909 1899 506,
931 1859 1010 1900 526,
1031 1858 1125 1901 605),
1151 1856 1190 1891 in
1211 1858 1247 1892 P
1269 1856 1364 1891 nihil
1390 1860 1446 1892 est
1470 1856 1668 1901 peculiare.
