1929 3208
716 112 963 144 ΑΛΚΗΣΤΙΣ
1561 111 1614 151 33

117 224 204 260 ΑΔ.
267 224 387 273 θανῇ
422 234 468 272 γε
499 215 649 271 μέντοι
681 220 916 274 δυσκλεής,
948 220 1054 261 ὅταν
1085 219 1240 275 θάνῃς.
1550 224 1615 253 725

111 293 197 332 ΦΕ.
261 298 401 339 κακῶς
433 290 612 332 ἀκούειν
644 289 697 332 οὐ
729 287 848 344 μέλει
879 292 1068 333 θανόντι
1099 306 1183 344 μοι.

113 366 202 402 ΑΔ.
266 367 351 415 φεῦ
385 365 488 414 φεῦ·
520 363 569 402 τὸ
603 367 738 415 γῆρας
770 363 828 411 ὡς
854 362 1078 411 ἀναιδείας
1104 357 1260 403 πλέων.

112 435 200 472 ΦΕ.
263 432 333 485 ἥδ’
367 433 445 473 οὒκ
480 433 675 486 ἀναιδής·
708 432 833 487 τήνδ’
864 432 1054 488 ἐφηῦρες
1086 434 1275 487 ἄφρονα.

112 507 209 544 ΑΔ.
273 504 438 544 ἄπελθε
472 502 579 556 κάμὲ
611 503 733 545 τόνδ’
766 502 814 544 ἔα
846 502 991 554 θάψαι
1018 505 1189 556 νεκρόν.

112 575 202 614 ΦΕ.
266 574 431 626 ἄπειμι·
464 575 625 624 θάψεις
657 574 698 615 δ’
731 574 860 624 αὐτὸς
892 575 956 616 ὢν
988 575 1121 628 αὐτῆς
1153 575 1314 627 φονεὺς
1551 579 1617 609 730

266 645 390 693 δίκας
421 660 465 685 τε
499 646 654 695 δώσεις
685 652 800 686 τοῖσι
831 646 1060 699 κηδεσταῖς
1092 643 1165 686 ἔτι.

266 713 290 769 ἡ
325 716 419 769 τᾶρ’
442 714 652 766 ’Ἀκαστος
685 715 829 758 οὐκέτ’
860 715 948 758 ἔστ’
979 715 1028 758 ἐν
1061 714 1293 769 ἀνδράσιν,

265 788 303 828 εἰ
334 790 391 841 μή
425 787 465 828 σ’
499 786 693 841 ἀδελφῆς
725 781 829 840 αἷμα
859 789 1160 840 τιμωρήσεται.

114 861 210 899 ΑΔ.
275 856 417 911 ἔρρων
451 873 536 898 νυν
569 857 700 906 αὐτὸς
731 858 783 912 χὴ
817 856 1113 911 ξυνοικήσασά
1146 868 1215 898 σοι

265 928 421 970 ἀπαιδε
454 928 611 977 παιδὸς
644 929 795 982 ὄντος,
827 928 973 982 ὥσπερ
1006 927 1135 982 ἄξιοι,
1551 934 1616 963 736

267 999 512 1053 γηράσκετ’·
547 999 599 1041 οὐ
632 1000 716 1054 γὰρ
749 999 853 1054 τῷδ’
884 996 947 1041 ἔτ’
979 998 1022 1049 ἐς
1052 999 1215 1041 ταύτὸν
1248 998 1400 1052 στέγος

264 1070 428 1111 νεῖσθ’·
463 1071 501 1111 εἰ
533 1070 574 1111 δ’
606 1069 809 1112 ἀπειπεῖν
841 1077 953 1126 χρῆν
984 1085 1036 1123 με
1066 1071 1272 1125 κηρύκων
1305 1069 1391 1111 ὕπο

264 1143 344 1195 τὴν
377 1143 460 1195 σὴν
491 1141 700 1198 πατρῴαν
730 1140 895 1195 ἑστίαν,
928 1141 1115 1183 ἀπεῖπον
1147 1140 1213 1183 ἄν.

264 1213 386 1266 ἡμεῖς
418 1212 482 1254 δέ·
515 1212 624 1254 τούν
655 1213 790 1254 ποσὶν
821 1214 905 1267 γὰρ
937 1212 1111 1254 οἰστέον
1142 1213 1295 1254 κακόν·

266 1285 518 1337 στείχωμεν,
549 1284 607 1333 ὡς
639 1283 694 1325 ἂν
726 1283 775 1325 ἐν
806 1287 928 1340 πυρᾷ
957 1288 1111 1337 θῶμεν
1143 1284 1313 1338 νεκρόν.
1551 1290 1617 1320 740

112 1439 203 1478 XO.
268 1438 317 1478 ἰὼ
353 1438 413 1478 ἰώ.
477 1439 652 1491 σχετλία
683 1439 856 1491 τόλμης,

266 1505 298 1549 ὦ
332 1510 514 1561 γενναία
545 1508 618 1550 καὶ
649 1507 745 1562 μέγ’
777 1508 952 1562 ἀρίστη,

268 1586 406 1633 χαῖρε·
442 1581 658 1633 πρόφρων
691 1590 739 1620 σε
770 1580 954 1634 χθόνιός
985 1578 1035 1621 θ’
1063 1577 1223 1633 Ἑρμκῆς

256 1647 406 1704 ’Ἅιδης
438 1666 483 1692 τε
516 1650 687 1705 δέχοιτ’.
750 1651 788 1692 εἰ
820 1649 872 1692 δέ
901 1666 942 1691 τι
972 1649 1097 1691 κάκεῖ

264 1721 399 1763 πλέον
432 1719 513 1762 ἔστ’
551 1721 758 1775 ἀγαθοῖς,
791 1721 960 1763 τούτων
992 1720 1218 1775 μετέχουσ’
1549 1728 1614 1758 746

255 1790 408 1833 Ἅιδου
441 1792 594 1850 νύμφῃ
626 1793 928 1846 παρεδρεύοις.

709 1944 953 1978 ΘΕΡΑΠῼΝ.

264 2031 454 2078 πολλοὺς
485 2029 566 2082 μὲν
596 2030 681 2083 ἤδη
713 2028 826 2071 κάπὸ
859 2031 1070 2078 παντοίας
1101 2030 1267 2083 χθονὸς

265 2099 417 2149 ξένους
448 2101 664 2152 μολόντας
696 2095 783 2142 οἶδ’
814 2099 858 2149 ἐς
885 2097 1099 2154 Ἀδμήτου
1132 2101 1314 2153 δόμους,

111 2291 178 2322 725
204 2288 305 2331 θάνῃ
333 2289 368 2321 Β
402 2288 523 2331 θανηι
548 2300 572 2323 a
611 2291 616 2331 Ι
658 2287 781 2332 θάνης
805 2290 848 2333 S]
875 2288 994 2332 θάνηι
1020 2300 1043 2322 α
1077 2291 1180 2332 θανῇ
1208 2289 1243 2322 Β
1356 2292 1421 2321 726
1449 2288 1547 2332 μέλει
1572 2288 1613 2333 S]

50 2335 163 2378 μέλλει
192 2347 210 2369 r
309 2339 375 2368 728
404 2336 554 2379 ἐφεῦρες
580 2334 666 2369 libri
771 2339 838 2370 729
865 2334 931 2370 καί
956 2348 999 2380 με
1025 2337 1054 2372 S
1182 2339 1247 2369 731
1277 2336 1329 2381 τε]
1358 2336 1397 2370 δὲ
1424 2337 1451 2371 S
1474 2339 1477 2376 !
1503 2341 1613 2379 rotat,

51 2390 146 2430 τοῖσι
179 2388 275 2417 σοῖσι
301 2383 336 2416 B
375 2388 471 2417 σοῖσι
504 2382 574 2417 del.
607 2382 663 2417 B¹
689 2390 785 2418 σοῖσι
816 2385 875 2420 Sa
998 2386 1063 2417 73⁵2
1097 2380 1118 2427 ἦ
1152 2382 1254 2428 τᾶρ’]
1289 2381 1310 2426 ἦ
1336 2383 1372 2416 τ’
1405 2382 1468 2424 ἄρ’
1507 2385 1564 2416 I’a
1598 2382 1613 2426 ἠ

49 2430 84 2463 τ’
112 2430 176 2472 ἀρ’
203 2430 237 2464 L
279 2428 297 2472 ἡ
323 2431 357 2463 τ’
385 2430 450 2472 ἄρ’
476 2430 512 2464 Β
558 2434 562 2472 Ι
610 2429 815 2470 ἄκλαυστος
847 2431 913 2465 οὐκ
947 2430 1018 2465 ἔστ’
1051 2430 1090 2464 ἐν
1123 2429 1303 2473 ἀνδράσιν·
1336 2431 1387 2465 ἔτι
1416 2431 1450 2464 Β
1491 2430 1614 2465 οὐκέτ’

51 2477 127 2511 ἐστ’
167 2478 206 2512 ἐν
244 2477 421 2519 ἀνδράσιν
453 2478 491 2511 in
529 2489 644 2522 marg.
685 2488 752 2512 scr.
791 2479 812 2513 b
935 2481 1002 2512 734
1041 2478 1158 2522 ἔρρων
1197 2488 1241 2512 ex
1278 2478 1406 2511 schol.:
1448 2479 1540 2517 τινὲς
1574 2478 1613 2511 ok

50 2525 165 2566 ἔρρων
191 2524 374 2569 γράφουσι
402 2527 468 2559 σὺν
493 2530 543 2571 τῷ
569 2524 606 2571 ὗ]
634 2525 755 2569 ἔρροις
779 2525 848 2560 Βα
879 2526 988 2569 ἔρρου
1014 2527 1043 2562 S
1074 2525 1154 2570 (Lp
1185 2526 1293 2568 ἔρρο*
1322 2526 1356 2559 Ρ
1394 2536 1397 2552 1
1436 2539 1500 2559 νυν
1528 2525 1612 2558 Las-

51 2571 160 2616 caris]
202 2578 266 2605 νῦν
304 2570 389 2605 libri
442 2575 447 2613 Ι
494 2573 665 2614 ξύνοικος
703 2570 796 2608 οὖσα
833 2572 982 2617 Hadley
1106 2576 1173 2606 735
1213 2572 1317 2612 ὄντος
1355 2572 1397 2617 S]
1438 2571 1537 2611 ὄντες
1577 2573 1614 2605 rl

110 2622 177 2652 736
198 2619 288 2664 τῷδ’
309 2617 359 2653 ἔτ’
383 2618 562 2665 Elmsley]
583 2622 675 2655 τῶδε
694 2620 728 2664 γ’
748 2620 816 2654 Βα
834 2620 927 2655 τῶδ’
948 2620 999 2655 ἴτ’
1019 2623 1047 2657 S
1069 2623 1074 2661 Ι
1096 2618 1208 2655 ταυτό
1228 2622 1256 2656 S
1356 2623 1420 2652 737
1443 2624 1533 2663 χρῆν
1561 2619 1611 2663 B]

50 2668 119 2711 χρή
145 2667 178 2701 L
206 2680 225 2700 ν
257 2666 341 2699 add.
370 2666 422 2700 L¹
452 2666 522 2711 χρή
553 2667 620 2701 αΡ
739 2670 806 2701 738
833 2667 918 2702 fort.
951 2673 1122 2714 πατρῷον
1245 2671 1311 2700 739
1338 2667 1425 2701 τούν
1451 2664 1560 2701 ποσίν
1586 2668 1614 2701 S

51 2716 123 2757 (Lp
149 2720 214 2748 τοῦ
240 2712 327 2749 ποσί
353 2713 414 2758 P)]
441 2713 645 2758 τόύμποσίν
671 2726 694 2748 a
720 2715 901 2758 τούμποσί
926 2715 963 2750 Β
1084 2718 1149 2748 741
1187 2716 1230 2748 ἰὼ
1268 2714 1310 2748 ἰὼ
1340 2715 1441 2756 Bal}
1471 2714 1512 2747 ἰὼ
1539 2715 1566 2749 S

51 2760 192 2805 σχετλίη
213 2761 248 2795 Β
324 2764 389 2794 742
412 2759 543 2804 ἀρίστα
561 2762 590 2797 S
670 2764 736 2795 743
766 2773 818 2805 sq.
840 2760 995 2808 χθόνιος
1023 2762 1065 2797 θ’
1091 2761 1184 2805 ἅδης
1213 2761 1323 2805 ἐρμῆς
1350 2773 1386 2794 τε
1420 2760 1555 2806 ὀέχηθ’
1577 2761 1612 2794 Β

111 2811 177 2842 745
223 2808 403 2852 ἀγαθοῖσι
448 2809 484 2843 Β
541 2810 545 2850 l
604 2808 792 2854 μετέχουσ’
837 2809 894 2855 al]
952 2809 1154 2854 μετέχουσα
1199 2809 1225 2843 S
1275 2810 1324 2842 (P
1341 2808 1542 2852 μετέχουσι
1569 2810 1612 2845 L)

50 2855 203 2899 μετέχον
229 2856 264 2889 Β
388 2860 454 2890 746
482 2857 605 2901 νύμφῃ
631 2855 683 2901 Β]
711 2857 840 2900 νύμφα
865 2868 884 2890 r
923 2858 928 2900 Ι
968 2857 1229 2899 προσεδρεύοις
1255 2858 1282 2891 S
1405 2859 1471 2889 748
1498 2857 1550 2895 εἰς
1577 2857 1612 2889 B
