1929 3208
801 727 978 759 EAENH.

305 824 471 863 Νείλου
505 818 585 875 μὲν
617 821 712 863 αἵδε
744 822 1090 875 καλλιπάρθενοι
1123 822 1237 877 ῥοαί,

303 893 350 942 ὃς
383 891 478 934 ἀντὶ
512 893 608 942 δίας
639 892 836 942 ψακάδος
869 893 1097 946 Αἰγύπτου
1129 891 1267 934 πέδον

303 967 458 1018 λευκῆς
489 964 690 1016 τακείσης
722 964 870 1017 χιόνος
903 963 1102 1018 ὑγραίνει
1134 964 1255 1017 γύας.

304 1035 512 1088 Πρωτεὺς
544 1031 584 1075 δ’
621 1031 684 1075 ὅτ’
722 1035 790 1088 ε”ζη
823 1035 954 1088 τῆσδε
986 1040 1065 1088 γῆς
1096 1034 1314 1089 τύραννος
1346 1032 1414 1088 ἦν,

305 1105 458 1160 Φάρον
491 1102 572 1159 μὲν
604 1105 738 1146 οἰκῶν
770 1111 926 1160 νῆσον,
958 1105 1190 1159 Αἰγύπτου
1222 1103 1264 1146 δ’
1301 1105 1424 1156 ἄναξ,
1633 1119 1652 1146 5

303 1176 351 1226 ὃς
381 1183 470 1218 τῶν
501 1171 592 1218 κατ’
630 1172 762 1230 οἶδμα
794 1175 1034 1230 παρθένων
1066 1178 1174 1231 μιάν
1204 1183 1348 1230 γαμεῖ,

310 1247 549 1302 Ψαμάθην,
582 1246 732 1301 ἐπειδὴ
765 1243 906 1302 λέκτρ’
943 1247 1111 1302 ἀφῆκεν
1146 1248 1327 1289 Αἰακοῦ.

301 1319 433 1360 τίκτει
466 1315 514 1360 δὲ
545 1317 674 1360 τέκνα
708 1319 837 1360 δισσὰ
868 1319 1016 1360 τοῖσδε
1050 1319 1235 1373 δώμασι,

303 1389 609 1443 Θεοκλύμενον
641 1387 789 1442 ἄρσεν’
827 1389 912 1443 [ὅτι
946 1389 999 1444 δὴ
1032 1390 1167 1439 θεοὺς
1200 1388 1344 1443 σέβων

302 1461 402 1513 βίον
435 1457 651 1514 διήνεγκ’]
685 1459 841 1514 εὐγενῆ
873 1475 918 1502 τε
950 1459 1179 1514 παρθένον
1606 1473 1647 1503 10

302 1531 438 1584 Εἰδώ,
469 1531 518 1572 τὸ
551 1531 713 1585 μητρὸς
744 1528 965 1585 ἀγλάισμ’,
1000 1528 1062 1573 ὅτ’
1098 1527 1154 1585 ἧν
1184 1530 1367 1586 βρέφος·

303 1599 393 1643 ἐπεὶ
427 1598 467 1643 δ’
504 1601 547 1651 ἐς
578 1602 692 1656 ἥβην
724 1598 864 1656 ἦλθεν
896 1601 1064 1654 ὡραίαν
1096 1602 1263 1657 γάμων,

300 1675 513 1714 καλοῦσιν
545 1672 682 1726 αὐτὴν
714 1673 930 1726 Θεονήν·
964 1673 1016 1714 τὰ
1047 1677 1151 1715 θεῖα
1183 1673 1266 1727 γὰρ

302 1743 353 1784 τά
385 1741 422 1785 τ’
461 1744 566 1786 ὄντα
597 1742 668 1785 καὶ
701 1742 915 1798 μέλλοντα
947 1742 1072 1785 πάντ’
1110 1744 1335 1798 ἠπίστατο,

300 1816 527 1868 προγόνου
559 1816 757 1868 λαβοῦσα
792 1813 976 1869 Νηρέως
1007 1816 1132 1870 τιμὰς
1163 1815 1292 1870 πάρα.
1607 1829 1648 1857 15

300 1884 404 1939 ἡμῖν
437 1882 486 1927 δὲ
517 1890 571 1939 γῆ
604 1882 684 1940 μὲν
715 1883 870 1940 πατρὶς
903 1885 983 1927 οὐκ
1015 1885 1247 1940 ἀνώνυμος

302 1955 496 2011 Σπάρτη,
527 1956 667 2011 πατὴρ
701 1954 749 1998 δὲ
787 1957 1064 2012 Τυνδάρεως·
1098 1959 1217 1998 ἔστιν
1250 1955 1297 1998 δὲ
1331 1958 1385 2012 δὴ

302 2027 431 2080 λόγος
462 2041 526 2076 τις
558 2026 616 2076 ὡς
649 2027 760 2076 Ζεὺς
790 2025 941 2081 μητέρ’
976 2025 1119 2069 ἔπτατ’
1158 2029 1219 2077 είς
1255 2027 1364 2082 ε’μὴν

304 2097 460 2150 Λήδαν
493 2097 661 2139 κύκνου
691 2093 950 2152 μορφώματ’
985 2098 1171 2151 ὄρνιθος
1202 2099 1365 2152 λαβών,

301 2167 348 2216 ὃς
380 2168 532 2210 δόλιον
564 2167 699 2222 εὐνὴν
732 2164 924 2223 ἐξέπραξ’
963 2166 1035 2210 ὑπ’
1074 2169 1222 2210 αἰετοῦ
1605 2182 1648 2212 20

301 2239 471 2292 δίωγμα
501 2239 697 2293 φεύγων,
729 2240 769 2281 εἰ
799 2240 945 2294 σαφὴς
977 2236 1107 2289 οὗτος
1138 2241 1278 2293 λόγος.

295 2306 450 2364 Ἑλένη
484 2307 522 2351 δ’
561 2309 774 2364 ἐκλήθην·
808 2309 835 2351 ἃ
868 2308 916 2352 δὲ
947 2311 1233 2366 πεπόνθαμεν
1265 2312 1375 2353 κακὰ

219 2477 238 2506 2
267 2470 438 2516 ψακάδος
462 2472 649 2518 Aristoph.
678 2473 823 2509 Thesm.
852 2478 932 2517 856,
959 2472 1125 2517 ψεκάδος
1150 2474 1184 2509 L
1213 2476 1251 2509 eb
1283 2482 1312 2518 ψ
1342 2474 1380 2509 in
1413 2486 1481 2510 τετε.
1511 2474 1647 2520 scripto

126 2526 158 2561 G
182 2526 186 2570 1
210 2523 340 2571 πέδον]
368 2525 459 2570 γύας
483 2525 514 2561 J.
541 2525 704 2560 Heiland
811 2530 831 2561 3
858 2525 1041 2573 ὑγραίνει]
1069 2526 1216 2570 ἀρδεύει
1242 2527 1395 2562 Aristid.
1424 2528 1456 2561 Π
1481 2540 1515 2572 p.
1544 2532 1611 2562 334
1642 2530 1645 2573 ξ

126 2579 215 2624 γύας
242 2578 288 2622 G,
320 2578 426 2622 γύιας
451 2579 485 2613 L
512 2580 704 2624 (superser.
733 2579 840 2623 κοινή
867 2581 908 2624 ἶ),
941 2579 1061 2627 δρόσῳ
1086 2580 1117 2614 J.
1144 2579 1317 2623 Heiland,
1343 2580 1426 2615 fort.
1455 2579 1571 2625 γάνει,
1600 2581 1646 2616 de

123 2643 196 2676 quo
223 2630 403 2675 cogitavit
429 2630 543 2666 etiam
570 2631 731 2666 Schenkl
822 2636 842 2667 6
868 2631 1062 2677 παρθένον
1085 2633 1118 2667 G
1212 2637 1228 2667 7
1257 2633 1412 2679 Αἰακοῦ]
1439 2633 1646 2678 Musgrave,

125 2683 252 2719 αἰόλου
273 2683 351 2719 LG
431 2688 451 2718 8
472 2685 613 2728 δώμασι
633 2685 723 2728 LG,
750 2685 914 2729 δώμασιν
941 2687 953 2720 l
975 2689 979 2730 Ι
1002 2685 1043 2721 δὲ
1069 2685 1175 2720 δισσὰ
1202 2687 1320 2720 τοῖσδε
1348 2687 1512 2730 δώμασιν
1537 2685 1647 2722 τέκνα

124 2738 256 2772 Nauck
335 2740 419 2780 Osq.
442 2737 553 2772 verba
581 2736 635 2772 ὅτι
657 2765 664 2772 .
687 2766 693 2772 .
715 2737 880 2784 διήνεγκ’
906 2738 1015 2774 eiecit
1034 2738 1167 2773 Nauck
1247 2743 1287 2772 11
1312 2738 1428 2785 Εἰδώ]
1449 2739 1646 2784 Matthiae,

125 2788 224 2831 εἶδος
242 2790 320 2826 LG
420 2794 461 2824 12
488 2789 645 2837 ὡραίαν]
672 2790 818 2834 Ηθὶείἰθ,
845 2790 991 2835 ὡραίων
1013 2792 1103 2834 LG‘,
1129 2791 1212 2826 sort.
1241 2791 1378 2835 ὡραῖον
1473 2796 1514 2826 16
1541 2792 1645 2839 ἡμῖν]

125 2843 205 2889 ἐμοὶ
230 2843 417 2888 Aristoph.
445 2843 590 2878 Thesm.
618 2847 684 2878 859
801 2848 843 2878 17
871 2844 967 2879 ἔστιν
996 2845 1060 2887 Gz,
1088 2844 1160 2879 ἔστι
1186 2844 1220 2878 L
1344 2848 1386 2879 18
1413 2844 1496 2879 fort.
1525 2844 1642 2881 ἔπτετ’

220 2900 263 2931 20
290 2895 372 2942 ὑπ’]
399 2897 447 2937 ὡς
472 2896 614 2940 Nauck,
641 2896 855 2941 ἐξεπράξατ’
886 2897 1009 2932 αἰετοῦ
1036 2897 1197 2932 Schenkl
