1929 3208
833 160 995 193 EAENH
1618 158 1675 197 43

156 269 255 308 ME.
329 264 421 308 ἀλλ’
461 264 564 308 οὐδὲ
597 264 824 320 μὴνναῦς
856 267 975 308 ἔστιν
1006 260 1033 321 ἧ
1067 271 1288 320 σωθεῖμεν
1321 264 1375 306 ἂν

331 337 584 391 φεύγοντες·
617 337 672 391 ἣν
704 337 787 391 γὰρ
821 341 993 392 εἴχομεν
1025 333 1215 378 θάλασσ’
1252 338 1349 391 ἔχει.

155 410 246 449 EA.
332 408 541 460 ἄκουσον,
572 408 628 461 ἤν
660 424 700 449 τι
732 407 803 448 καὶ
836 408 947 461 γυνὴ
981 406 1080 462 λέξῃ
1112 409 1268 462 σοφόν.

329 478 480 532 βούλει
512 477 719 531 λέγεσθαι
751 479 808 532 μὴ
841 478 997 519 θανὼν
1030 477 1309 532 τεθνηκέναι;
1589 488 1677 518 1050

154 551 254 590 ΜΕ.
329 549 460 598 κακὸς
491 546 571 602 μὲν
604 549 741 602 ὄρνις·
775 549 816 590 εἰ
846 546 893 590 δὲ
926 549 1123 602 κερδανῶ
1158 547 1363 603 [λέγειν],

330 618 501 673 ἕτοιμός
533 620 620 673 εἰμι
653 619 709 673 μὴ
742 619 900 660 θανὼν
932 621 1047 676 λόγῳ
1080 623 1252 660 θανεῖν.

155 692 245 731 EA.
331 687 402 731 καὶ
434 690 520 744 μὴν
551 691 819 743 γυναικείοις
851 687 890 731 σ’
928 689 982 731 ἂν
1014 690 1320 744 οἰκτισαίμεθα

331 767 535 814 κουραῖσι
566 759 637 802 καὶ
669 762 880 814 θρήνοισι
911 761 1020 815 πρὸς
1051 761 1130 802 τὸν
1163 760 1355 802 ἀνόσιον.

155 832 258 873 ΜΕ.
331 833 546 885 σωτηρίας
579 829 626 872 δὲ
657 829 773 873 τοῦτ’
813 833 898 886 ἔχει
930 833 976 872 τί
1002 837 1095 888 νῷν
1129 832 1251 881 ἄκος;
1590 841 1678 871 1055

330 903 567 956 παλαιότης
598 903 680 956 γὰρ
712 902 772 959 τῷ
803 904 919 958 λόγῳ
952 898 992 955 γ’
1029 904 1176 944 ἔνεστί
1203 918 1278 952 τις.

152 975 243 1013 ΕΛ.
330 973 388 1022 ὡς
421 973 474 1026 δὴ
506 974 705 1015 θανόντα
738 969 778 1014 σ’
816 972 994 1015 ἐνάλιον
1025 979 1138 1030 κενῷ
1170 973 1294 1029 τάφῳ

331 1044 472 1093 θάψαι
504 1044 727 1097 τύραννον
758 1045 889 1098 τῆσδε
920 1050 999 1098 γῆς
1032 1046 1276 1099 αἰτήσομαι.

153 1116 254 1155 ΜΕ.
329 1113 400 1155 καὶ
434 1115 488 1168 δὴ
520 1122 744 1169 παρεῖκεν
780 1111 871 1157 εἶτα
903 1122 994 1165 πῶς
1026 1116 1133 1157 ἄνευ
1165 1116 1276 1164 νεὼς

333 1187 661 1240 σωθησόμεσθα
693 1185 1008 1240 κενοταφοῦντ’
1049 1186 1154 1241 έμὸν
1188 1185 1338 1240 δέμας;
1591 1194 1681 1225 1060

152 1258 244 1297 EA.
331 1256 488 1298 δοῦναι
518 1257 710 1298 κελεύσω
742 1255 973 1312 πορθμίδ’,
1004 1251 1031 1313 ᾗ
1065 1259 1320 1311 καθήσομεν

329 1328 496 1380 κόσμον
526 1327 650 1384 τάφῳ
685 1333 746 1384 σῷ
779 1329 1014 1381 πελαγίους
1047 1327 1090 1377 ἐς
1122 1327 1324 1381 ἀγκάλας.

157 1399 255 1439 ME.
331 1397 388 1446 ὡς
420 1393 469 1439 εὖ
500 1394 592 1439 τόδ’
630 1395 753 1447 εἶπας
783 1400 897 1451 πλὴν
929 1397 997 1440 ἕν·
1029 1399 1070 1440 εἰ
1099 1397 1240 1455 χέρσῳ
1275 1398 1414 1452 ταφὰς

330 1471 479 1510 θεῖναι
510 1469 706 1510 κελεύσει
739 1466 798 1523 σ’,
832 1467 965 1510 οὐδὲν
998 1469 1023 1523 ἡ
1058 1475 1215 1523 σκῆψις
1246 1467 1382 1524 φέρει.

153 1541 243 1580 ΕΛ.
331 1537 424 1580 ἀλλ’
463 1539 517 1581 οὐ
548 1542 742 1593 νομίζειν
775 1542 974 1594 φήσομεν
1006 1538 1110 1581 καθ’
1142 1538 1330 1582 Ἑλλάδα
1590 1548 1679 1580 1065

329 1608 468 1666 χέρσῳ
501 1611 735 1652 καλύπτειν
766 1612 869 1660 τοὺς
900 1612 1124 1660 θανόντας
1158 1610 1372 1660 ἐναλίους.

154 1683 256 1722 ME.
329 1679 448 1722 τοῦτ’
484 1677 539 1722 αὖ
570 1686 824 1736 κατορθοῖς·
862 1678 938 1723 εἶτ’
976 1681 1060 1735 ἐγὼ
1094 1682 1425 1736 συμπλεύσομαι

329 1750 402 1792 καὶ
434 1754 701 1806 συγκαθήσω
734 1754 900 1806 κόσμον
933 1752 981 1794 ἐν
1012 1752 1156 1810 ταύτῷ
1190 1753 1358 1807 σκάφει.

153 1824 243 1862 ΕΛ.
330 1819 378 1863 σὲ
411 1820 482 1863 καὶ
514 1830 719 1875 παρεῖναι
752 1823 822 1864 δεῖ
850 1823 1036 1878 μάλιστα
1067 1823 1171 1873 τούς
1202 1839 1247 1865 τε
1280 1825 1387 1872 σοὺς

329 1895 559 1947 πλωτῆρας
591 1893 715 1947 οἵπερ
749 1895 917 1947 ἔφυγον
949 1893 995 1935 ἐκ
1027 1896 1253 1947 ναυαγίας.
1592 1903 1682 1933 1070

156 1965 256 2004 ME.
331 1962 402 2005 καὶ
434 1964 520 2017 μὴν
553 1963 710 2016 ἐάνπερ
743 1969 857 2004 ναῦν
891 1962 955 2005 ἐπ’
993 1963 1186 2019 ἀγκύρας
1218 1965 1353 2017 λάβω,

333 2032 444 2087 ἀνὴρ
476 2032 577 2088 παρ7
615 2034 757 2089 ἄνδρα
790 2035 992 2087 στήσεται
1026 2034 1282 2090 ξιφηφόρος.

155 2106 248 2144 EA.
336 2102 383 2145 σὲ
416 2105 497 2158 χρὴ
530 2104 764 2158 βραβεύειν
795 2104 955 2146 πάντα·
987 2105 1202 2158 πόμπιμοι
1234 2105 1374 2158 μόνον

253 2311 438 2342 1049-85
464 2319 705 2353 personarum
730 2307 826 2343 vices
853 2308 1000 2343 lineolis
1025 2310 1178 2343 notatae
1205 2308 1244 2342 in
1264 2310 1298 2344 L
1407 2313 1496 2343 1049
1524 2310 1586 2343 καὶ
1613 2320 1681 2343 om.

158 2360 190 2395 G
213 2362 217 2405 Ι
240 2359 328 2403 λέξω
353 2361 392 2396 L.
420 2361 581 2396 Dindorf
688 2365 780 2396 1050
805 2360 1045 2408 τεθνηκέναι]
1074 2361 1199 2405 Cobet,
1227 2360 1320 2407 λόγω
1347 2364 1483 2396 θανεῖν
1510 2362 1588 2396 LG

158 2418 246 2448 1051
281 2416 448 2458 κερδανῶ
480 2414 599 2449 κλύων
624 2414 858 2458 Heimsoeth‚
891 2417 1059 2459 κερδανῶ
1093 2414 1186 2462 λόγῳ
1217 2415 1339 2458 Gloffl,
1373 2416 1456 2450 fort.
1484 2413 1614 2459 κέρδος
1645 2415 1684 2450 ἐν

157 2464 250 2512 λόγῳ
341 2470 430 2500 1052
452 2467 499 2511 μὴ
525 2467 634 2502 θάνω
654 2467 797 2502 Mekler
885 2473 975 2503 1053
996 2467 1231 2514 γυναικείους
1254 2469 1286 2503 G
1309 2470 1313 2514 Ι
1337 2467 1368 2502 σ’
1400 2467 1462 2514 ἂν]
1484 2468 1684 2511 Hermann,

157 2517 205 2553 ἂν
226 2520 303 2555 LG
387 2523 477 2554 1056
498 2519 668 2554 Menelao
690 2520 885 2555 continuat
907 2521 952 2564 G,
977 2521 1141 2556 Helenae
1162 2521 1295 2556 tribuit
1315 2522 1347 2555 L
1437 2525 1524 2554 1057
1546 2520 1684 2555 lineola

154 2571 192 2606 in
213 2573 247 2606 L
268 2583 373 2606 erasa
392 2572 541 2607 videtur
628 2577 717 2607 1059
738 2575 930 2620 παρεῖκεν]
950 2574 1098 2619 Aldina,
1120 2580 1285 2619 παρῆκεν
1306 2574 1383 2608 LG
1472 2577 1560 2606 1060
1582 2585 1683 2608 κενο-

155 2623 353 2669 ταφοῦντ’,
374 2636 551 2670 superscr.
574 2626 632 2660 δυ”
653 2625 691 2670 (i.
706 2636 736 2660 e.
758 2627 916 2671 δυικῶς),
931 2627 965 2661 L
1047 2631 1133 2662 1061
1159 2626 1388 2672 καθήσομεν]
1409 2626 1544 2669 Heath,
1565 2626 1684 2670 καθή-

155 2689 268 2721 σομαι
289 2678 367 2712 LG
465 2681 556 2712 1062
582 2677 793 2724 πελαγίους]
819 2678 1019 2724 Fritzsche,
1044 2678 1221 2725 πελαγίας
1240 2680 1317 2714 LG
1340 2682 1344 2723 Ι
1368 2679 1403 2719 ἐς
1427 2678 1486 2713 hic
1513 2680 1591 2714 LG

157 2734 249 2764 1064
276 2730 450 2776 κελεύσει]
476 2730 516 2765 L.
541 2730 715 2774 Uindex-f,
743 2731 877 2766 κελεύει
903 2732 975 2767 LG
1004 2734 1008 2777 Ι
1038 2745 1074 2767 σε
1102 2734 1147 2776 L,
1174 2732 1205 2766 σ’
1237 2734 1302 2776 lG,
1330 2732 1365 2772 ἐς
1391 2731 1589 2766 Markland

158 2786 245 2817 1067
279 2781 382 2817 ταῦτ’
419 2780 485 2817 οὖν
518 2785 559 2817 ut
590 2783 662 2817 vid.
696 2784 747 2827 L,
782 2783 882 2818 τοῦτ’
918 2783 966 2819 αὖ
999 2786 1054 2820 IG
1201 2790 1289 2820 1060
1323 2786 1402 2831 καὶ]
1436 2785 1504 2830 γὰρ
1538 2785 1683 2820 Dobree

252 2839 339 2869 1071
380 2834 440 2880 ἐφ’
482 2835 645 2879 ἁλμυρᾶς
676 2836 871 2881 Musgrave
1000 2842 1090 2872 1073
1131 2837 1268 2884 πάντα]
1308 2843 1423 2872 ταῦτα
1455 2837 1651 2873 Kirchhoff
1676 2839 1678 2847 '

154 2887 337 2932 πόμποιμι
367 2890 399 2922 G
