1929 3208
233 170 290 210 24)
862 170 1132 204 ΕΥΡΙΠΙΔΟΥ

412 276 615 328 ἐξέπεσον
648 277 690 328 ἐς
722 283 804 332 γῆν
836 279 985 332 τήνδε·
1019 284 1127 327 ναῦς
1159 275 1206 319 δὲ
1238 278 1347 331 πρὸς
1378 276 1537 333 πέτρας

413 351 604 398 πολλοὺς
636 348 857 404 ἀριθμοὺς
889 349 1073 402 ἄγνυται
1105 350 1343 403 ναυαγίων.
1690 359 1759 389 41η

411 422 562 472 τρόπις
595 416 635 460 δ’
673 420 858 474 ἐλείφθη
891 422 1104 461 ποικίλων
1137 419 1445 474 ἁρμοσμάτων,

411 489 481 544 ἐφ’
519 487 568 543 ’ἧς
600 489 779 544 ἐσώθην
812 492 937 545 μόλις
969 491 1214 547 ἀνελπίστῳ
1250 491 1357 546 τύχῃ

405 560 556 615 Ἑλένη
590 577 649 609 τε,
689 563 847 615 Τροίας
880 562 934 615 1ἣν
967 561 1222 611 ἀποσπάσας
1255 563 1349 617 ἔχω.

411 633 549 686 ὄνομα
584 630 631 673 δὲ
665 633 808 687 χώρας
840 633 933 686 ἥτις
964 633 1042 686 ἥδε
1074 631 1145 674 καὶ
1179 633 1286 682 λεὼς

411 704 491 745 οὐκ
523 700 633 744 οἷδ’·
667 704 800 757 ὄχλον
833 704 915 758 γὰρ
949 703 1149 745 ἐσπεσεῖν
1181 701 1437 759 ᾐσχυνόμην
1691 713 1759 743 415

411 771 522 816 ὥσθ’
561 775 802 827 ἱστορῆσαι,
835 781 910 829 τῆς
942 773 1046 828 ἐμῆς
1079 775 1366 828 δυσχλαινίας

410 847 617 899 κρύπτων
650 843 724 887 ὑπ’
760 846 914 894 αἰδοῦς
946 846 1020 895 τὰς
1051 846 1196 900 τύχας.
1259 845 1365 886 ὅταν
1398 843 1438 886 δ’
1477 844 1588 899 ἀνὴρ

409 918 549 972 πράξῃ
583 924 724 966 κακῶς
756 916 937 970 ὑψηλός,
972 917 1032 966 εἰς
1065 916 1231 970 ἀηθίαν

411 990 554 1030 πίπτει,
587 989 722 1029 κακίω
754 993 834 1029 τοῦ
866 987 1000 1029 πάλαι
1033 989 1340 1041 δυσδαίμονος.

414 1062 535 1114 χρεία
570 1057 617 1101 δὲ
650 1060 782 1113 τείρει
815 1057 881 1113 μ’·
915 1059 1015 1100 οὔτε
1047 1059 1130 1113 γὰρ
1163 1065 1282 1108 σῖτος
1313 1057 1430 1112 πάρα
1693 1068 1761 1098 420

414 1129 506 1172 οὔτ’
544 1128 656 1184 ἀμφὶ
688 1127 816 1184 χρῶτ’
855 1129 1054 1183 ἐσθῆτες·
1088 1129 1199 1171 αὐτὰ
1231 1127 1269 1171 δ’
1309 1129 1477 1170 εἰκάσαι

412 1201 593 1255 πάρεστι
625 1201 732 1250 ναὸς
762 1198 905 1254 ἐ’κβολ’
945 1195 1011 1250 οἷς
1043 1199 1323 1254 ἀμπίσχομαι.

411 1272 604 1322 πέπλους
637 1269 684 1313 δὲ
716 1273 821 1321 τοὺς
852 1269 957 1326 πρὶν
991 1271 1167 1325 λαμπρά
1199 1267 1236 1312 τ’
1272 1270 1582 1325 ἀμφιβλήματα

411 1344 562 1399 χλιδάς
594 1358 638 1385 τε
670 1344 831 1392 πόντος
861 1340 1045 1397 ἤρπασ’·
1078 1341 1127 1384 ἐν
1159 1339 1199 1383 δ’
1236 1341 1399 1396 ἄντρου
1431 1347 1586 1396 μυχοῖς

410 1415 582 1468 κρύψας
613 1421 803 1468 γυναῖκα
835 1413 916 1467 τὴν
947 1420 1094 1454 κακῶν
1126 1413 1305 1454 πάντων
1337 1410 1433 1466 ἐμοὶ
1692 1421 1761 1452 425

413 1485 608 1540 ἄρξασαν
639 1486 730 1539 ἥκω
762 1485 867 1534 τούς
897 1482 1385 1539 τεμπεριλελειμμένους

416 1559 561 1612 φίλων
593 1556 839 1612 φυλάσσειν
869 1553 966 1610 τᾶμ’
1006 1554 1256 1609 ἀναγκάσας
1287 1553 1401 1609 λέχη.

413 1631 548 1683 μόνος
580 1625 628 1669 δὲ
660 1634 817 1681 νοστῶ,
850 1634 942 1676 τοῖς
973 1626 1064 1668 ἐκεῖ
1094 1629 1231 1680 ζητῶν
1263 1627 1410 1681 φίλοις

414 1700 466 1741 τὰ
497 1696 715 1753 πρόσφορ’
754 1698 810 1751 ἥν
843 1713 933 1748 πως
965 1696 1251 1752 ἐξερευνήσας
1283 1695 1413 1750 λάβω.

414 1771 522 1812 ἰδὼν
556 1767 603 1811 δὲ
637 1771 761 1824 δῶμα
793 1766 1027 1823 περιφερὲς
1058 1772 1264 1823 θριγκοῖς
1294 1768 1395 1809 τόδε
1692 1777 1762 1807 430

414 1842 553 1891 πύλας
584 1856 629 1882 τε
663 1841 824 1895 σεμνὰς
855 1839 1019 1895 ἀνδρὸς
1052 1839 1206 1893 ὀλβίου
1237 1839 1373 1892 τινός,

414 1915 693 1967 προσῆλθον·
728 1909 849 1961 ἐλπὶς
881 1909 922 1952 δ’
959 1911 1005 1952 ε”κ
1036 1925 1085 1964 γε
1116 1910 1344 1952 πλουσίων
1377 1909 1526 1963 δόμων

414 1985 565 2036 λαβεῖν
596 1999 637 2024 τι
669 1983 867 2031 ναύταις·
902 1982 948 2023 οὗ
977 1980 1024 2023 δὲ
1057 1981 1114 2035 μὴ
1148 1982 1321 2035 ἔχοντες
1352 1981 1466 2034 βίον,

414 2053 510 2097 οὐδ’
548 2055 588 2096 εἰ
617 2052 811 2107 θέλοιεν,
845 2052 1034 2107 ὠφελεῖν
1066 2053 1209 2107 ἔχοιεν
1241 2052 1306 2093 ἄν.

415 2126 494 2179 ὠή·
528 2127 592 2174 τίς
625 2123 679 2166 ἂν
711 2124 914 2179 πυλωρὸς
946 2122 994 2165 ἐκ
1026 2122 1177 2177 δόμων
1209 2124 1351 2177 μόλοι,
1693 2130 1762 2161 435

415 2197 534 2246 ὅστις
566 2197 825 2249 διαγγείλειε
857 2191 954 2248 τᾶμ’
993 2196 1077 2248 ἔσω
1110 2194 1237 2244 κακά;

337 2389 405 2419 409
432 2382 583 2427 πέτραις
608 2383 639 2418 J.
665 2382 826 2417 Heiland
955 2384 1025 2415 410
1057 2380 1140 2415 fort.
1173 2382 1315 2415 πολλῶν
1347 2377 1476 2423 ἐρείπι’
1513 2379 1669 2425 ἄγνυται

237 2442 304 2473 411
340 2435 512 2483 ἐλείφθη]
544 2436 588 2470 H.
617 2435 837 2480 Stephanus,
865 2434 1010 2479 ἐλήφθη
1032 2434 1111 2468 LG
1237 2437 1304 2468 412
1330 2430 1374 2476 ἧς
1405 2433 1484 2468 cod.
1511 2433 1619 2467 Laur.
1646 2435 1702 2475 31,
1731 2435 1762 2474 1,

239 2489 294 2531 οἷς
313 2491 391 2526 LG
487 2494 556 2524 413
583 2489 665 2524 fort.
694 2487 898 2528 ἐπισπάσας
924 2487 999 2533 ἄγω
1027 2486 1117 2532 (ἄγω
1143 2486 1350 2531 Kirchhoff)
1445 2490 1513 2520 414
1539 2486 1606 2520 λεὼ
1630 2484 1763 2519 Nauck

332 2548 401 2578 415
428 2541 514 2578 οἶδα
540 2543 629 2586 LG,
664 2539 736 2576 οἷδ’
768 2542 779 2575 l
875 2545 943 2575 416
971 2540 1071 2574 delet
1096 2540 1258 2575 Dindorf
1282 2547 1285 2582 Ι
1313 2545 1377 2585 τῆς
1402 2539 1504 2585 ἐμῆς]
1531 2538 1673 2582 Nauck,
1699 2537 1764 2577 τὰς

238 2597 326 2642 ἐμὰς
351 2597 429 2632 LG
532 2599 600 2630 417
627 2594 693 2635 τὰς
717 2594 844 2641 τύχας]
871 2594 954 2628 fort.
982 2593 1177 2638 συμφοράν
1282 2597 1350 2627 418
1378 2593 1429 2633 εἰς
1455 2590 1593 2637 ἀηδίαν
1618 2591 1762 2634 Portus,

238 2651 290 2690 εἰς
316 2649 485 2694 ἀθυμίαν
511 2648 736 2684 Herwerden
868 2651 937 2681 420
964 2646 1068 2692 χρεία
1093 2646 1132 2680 in
1157 2658 1227 2681 ras.
1256 2657 1321 2681 scr.
1350 2647 1377 2690 l,
1411 2651 1514 2691 χεῖρα
1542 2646 1576 2680 G
1610 2646 1614 2689 l
1649 2644 1761 2689 σῖτος]

238 2704 444 2748 Musgrave,
477 2709 559 2737 σῖτα
586 2702 674 2745 LG,
709 2708 809 2736 σῖτον
836 2702 847 2735 ί
960 2705 1027 2734 421
1056 2699 1150 2734 αὐτὰ
1176 2698 1211 2734 δ’
1243 2698 1402 2745 εἰκάσαι]
1430 2699 1513 2734 ἀντὶ
1539 2696 1573 2732 δ’
1605 2696 1762 2741 εἱμάτων

238 2757 381 2800 Nauck,
407 2756 491 2790 fort.
519 2754 777 2800 ἀμφίβληστρα
803 2753 854 2798 δὲ,
881 2754 944 2788 cfr.
968 2758 1057 2788 1079
1155 2757 1222 2787 422
1244 2751 1362 2798 ἔκβολ’
1394 2750 1464 2798 οἷς]
1484 2750 1631 2794 Reiske,
1658 2747 1761 2796 ἐκβό-

238 2812 314 2849 λοις,
339 2810 417 2844 LG
513 2812 582 2843 426
610 2807 772 2854 ἀρχηγὸν
798 2807 930 2842 Nauck
953 2811 957 2851 Ι
980 2808 1032 2853 τε]
1059 2807 1258 2850 Hermann,
1285 2818 1325 2852 γε
1351 2806 1430 2841 LG
1526 2808 1594 2839 430
1621 2803 1687 2838 ἰδὼ
1716 2802 1760 2847 G,

239 2863 306 2897 ἴδω
333 2875 355 2908 gy
475 2866 543 2897 432
571 2862 626 2908 γε]
652 2861 799 2905 Reiske,
826 2873 862 2895 τε
889 2861 967 2896 LG
1084 2864 1152 2894 433
1180 2859 1214 2894 οἱ
1242 2888 1248 2894 .
1277 2889 1283 2894 .
1311 2858 1469 2905 ἔχοντες]
1495 2856 1625 2903 scripsi
1650 2856 1763 2902 (idem

240 2915 329 2951 olim
357 2915 516 2950 coniecit
541 2915 792 2959 Herwerden),
819 2913 857 2949 ἐκ
886 2943 892 2949 .
921 2944 926 2949 .
955 2912 1113 2960 ἐχόντων
1140 2913 1218 2948 LG
1313 2916 1382 2947 436
1410 2911 1492 2946 εἴσω
1519 2911 1597 2946 LG'-
