1929 3208
758 146 972 179 ΚΤΚΛῼΨ
1591 147 1645 190 13

295 252 475 308 μάστιγί
502 255 541 294 τ’
571 249 620 295 εὖ
652 254 701 295 τὸ
733 260 876 296 νῶτον
908 253 1180 304 ἀποθλίψειν
1211 252 1361 307 σέθεν,

296 325 477 366 κᾶπειτα
509 325 807 380 συνδήσαντες
838 323 882 374 ἐς
912 324 1113 367 θὰδώλια

297 401 373 450 τῆς
403 396 508 450 νηὸς
539 394 802 449 ἐμβαλόντες
833 395 1082 437 ἀποδώσειν
1112 395 1201 438 τινὶ

295 465 483 521 πέτρους
512 466 743 522 μοχλεύειν
773 466 800 522 ἢ
829 463 867 517 ’ς
896 470 1078 520 μυλῶνα
1108 468 1382 520 καταβαλεῖν.
1575 476 1644 508 240

144 539 236 579 ΚΤ.
299 537 481 592 ἄληθες;
513 538 679 580 οὔκουν
710 538 894 587 κοπίδας
925 537 982 588 ὡς
1014 535 1177 592 τάχιστ’
1210 538 1290 580 ἰὼν

295 607 445 663 θήξεις
474 610 687 664 μαχαίρας
716 609 789 650 καὶ
818 608 956 662 μέγαν
988 608 1181 663 φάκελον
1213 607 1356 658 ξύλων

297 677 467 729 ἐπιθεὶς
498 679 698 731 ἀνάψεις;
729 679 788 730 ὡς
820 678 1062 734 σφαγέντες
1093 679 1249 721 αὐτίκα

296 752 514 805 πλήσουσι
544 751 687 805 νηδὺν
718 751 798 805 τὴν
829 749 938 804 ἐμὴν
969 747 1041 792 ἀπ’
1072 750 1297 804 ἄνθρακος

296 822 469 876 θερμὴν
500 820 680 871 ἔδοντος
711 821 825 863 δαῖτ’
854 822 956 875 ἄτερ
987 822 1254 875 κρεανόμου,
1576 831 1645 862 245

296 893 348 934 τὰ
374 893 416 934 δ’
446 891 492 935 ἐκ
524 892 704 947 λέβητος
735 891 856 947 ἑφθὰ
886 892 958 933 καὶ
989 893 1213 946 τετηκότα·

296 963 354 1013 ὡς
385 961 574 1013 ἔκπλεως
604 978 654 1017 γε
687 963 834 1013 δαιτός
866 961 950 1016 εἰμ’
983 963 1214 1018 ὀρεσκόου·

296 1034 391 1084 ἅλις
423 1035 615 1076 λεόντων
646 1032 742 1076 ἐστί
769 1049 843 1087 μοι
873 1032 1136 1090 θοινωμένῳ

296 1103 473 1160 ἐλάφων
503 1120 569 1159 τε,
600 1106 776 1160 χρόνιος
808 1102 848 1146 δ’
879 1104 960 1158 εἴμ’
992 1105 1066 1147 ἀπ’
1096 1104 1350 1160 ἀνθρώπων
1380 1106 1527 1160 βορᾶς.

154 1179 230 1219 ΣΙ.
293 1177 345 1218 τὰ
376 1176 505 1218 καινά
536 1175 576 1230 γ’
606 1174 653 1218 ἐκ
684 1183 773 1218 τῶν
803 1176 1003 1230 ἠθάδων,
1035 1174 1069 1219 ὦ
1102 1174 1313 1231 δέσποτα,
1577 1187 1646 1218 250

295 1245 438 1302 ἡδίον’
470 1246 602 1289 ἐστίν.
664 1247 717 1289 οὐ
751 1248 833 1302 γὰρ
867 1243 949 1289 οὖν
980 1248 1142 1289 νεωστί
1169 1262 1219 1302 γε

297 1319 422 1361 ἄλλοι
453 1319 563 1373 πρὸς
594 1319 732 1372 ἄντρα
762 1319 815 1360 τὰ
847 1316 887 1360 σ’
918 1318 1133 1373 ἀφίκοντο
1166 1317 1292 1369 ξένοι.

144 1391 234 1432 ΟΛ.
297 1390 513 1443 Κύκλωψ,
545 1390 738 1432 ἄκουσον
769 1388 818 1431 ἐν
849 1389 970 1444 μέρει
1000 1390 1073 1432 καὶ
1103 1397 1192 1432 τῶν
1224 1387 1374 1440 ξένων.

296 1461 418 1515 ἡμεῖς
449 1463 584 1516 βορᾶς
614 1459 845 1519 χρῄζοντες
876 1459 1071 1515 ἐμπολὴν
1103 1463 1256 1514 λαβεῖν

297 1539 388 1574 σῶν
419 1529 558 1574 ἆσσον
589 1532 764 1586 ἄντρων
793 1532 992 1586 ἤλθομεν
1023 1532 1133 1582 νεὼς
1164 1533 1261 1574 ἄπο.
1577 1543 1646 1575 255

297 1605 400 1654 τοὺς
431 1601 472 1645 δ’
503 1604 639 1658 ἄρνας
669 1604 774 1658 ἡμῖν
806 1600 936 1654 οὗτος
966 1602 1060 1645 ἀντ’
1089 1603 1216 1646 οἴνου
1249 1603 1424 1658 σκύφου

297 1674 532 1729 ἀπημπόλα
562 1689 608 1716 τε
638 1673 825 1716 κάδίδου
857 1681 975 1716 πιεῖν
1007 1675 1156 1728 λαβὼν

296 1744 409 1787 ἑκὼν
440 1744 590 1788 ἑκοῦσι
626 1745 788 1787 κούδὲν
819 1743 875 1800 ἦν
906 1746 1076 1788 τούτων
1108 1747 1196 1803 βίᾳ.

297 1816 390 1858 ἀλλ’
420 1813 550 1866 οὗτος
581 1816 702 1870 ὑγιὲς
732 1816 867 1859 οὐδὲν
898 1813 962 1859 ὧν
994 1827 1132 1872 φησιν
1164 1814 1302 1871 λέγει,

297 1886 394 1930 ἐπεί
422 1885 463 1940 γ’
494 1886 669 1943 ἐλήφθη
702 1893 784 1930 σοῦ
817 1887 964 1944 λάθρᾳ
995 1892 1156 1930 πωλῶν
1186 1889 1240 1930 τὰ
1271 1887 1336 1930 σά.
1578 1897 1647 1930 260

155 1960 234 2000 ΣΙ.
295 1957 398 2012 ἐγώ,
428 1966 570 2008 κακῶς
600 1960 684 2014 γὰρ
715 1956 887 2009 ἐξόλοι’.
953 1961 1042 2000 ΟΔ.
1076 1959 1115 2000 εἰ
1145 1959 1375 2012 ψεύδομαι.

157 2031 234 2072 ΣΙ.
296 2030 355 2083 μὰ
385 2030 464 2072 τὸν
495 2029 700 2071 Ποσειδῶ
731 2030 811 2071 τὸν
842 2031 1023 2072 τεκόντα
1055 2027 1113 2081 σ’,
1145 2027 1178 2072 ὦ
1210 2030 1428 2084 Κύκλωψ,

297 2101 356 2154 μὰ
386 2101 465 2142 τὸν
495 2099 634 2155 μέγαν
671 2102 869 2155 Τρίτωνα
899 2101 973 2143 καὶ
1003 2102 1082 2143 τὸν
1112 2101 1285 2156 Νηρέα,

297 2173 356 2225 μὰ
385 2172 467 2227 τὴν
498 2172 696 2223 Καλυψὼ
728 2171 804 2222 τάς
833 2187 879 2214 τε
909 2169 1096 2227 Νηρέως
1127 2173 1280 2227 κόρας,

145 2339 212 2369 237
240 2333 442 2380 ἀπολέψειν
476 2335 661 2378 Ruhnken
759 2339 826 2370 238
860 2335 1244 2383 &o'cdobltoeJSeidlen
1279 2335 1443 2370 τάδώλια
1477 2335 1564 2378 LP,
1600 2334 1647 2369 τὰ

86 2389 212 2423 ‘dabam
233 2399 261 2433 p
358 2391 426 2423 240
451 2387 473 2433 ἢ
498 2389 529 2428 ’ς
562 2389 726 2435 μυλῶνα]
762 2389 963 2432 Ruhnken,
999 2388 1021 2434 ἢ
1055 2391 1207 2424 πυλῶνα
1242 2389 1321 2424 LP
1414 2392 1480 2423 241
1509 2388 1647 2423 οὐκοῦν

87 2442 165 2477 LP
258 2445 325 2476 242
351 2442 467 2484 ξύλων
494 2452 538 2475 ex
563 2442 671 2483 ξύλον
697 2441 788 2477 fecit
813 2443 849 2477 P
943 2446 1011 2477 243
1038 2443 1086 2482 ὡς
1112 2453 1238 2488 apogr.
1266 2441 1396 2485 Paris„
1423 2437 1450 2476 ὦ
1476 2442 1553 2476 LP

87 2498 288 2530 244-351
327 2494 549 2529 intercidere
586 2494 626 2528 in
651 2495 687 2529 P
722 2495 881 2530 exscisso
919 2495 1026 2537 folio,
1066 2495 1170 2529 cuius
1201 2495 1400 2539 vestigium
1434 2496 1552 2529 restat

87 2551 155 2583 244
179 2547 342 2592 πλήσωσι
366 2547 505 2582 Barnea
601 2551 668 2582 245
696 2548 798 2582 δαῖτ’
824 2548 909 2591 ἄτερ
936 2548 1159 2595 κρεανόμου]
1187 2547 1384 2593 Musgrave
1415 2544 1646 2592 (κρεανόμων

87 2600 256 2645 Dobree)‚
283 2601 393 2635 δαῖτα
418 2614 466 2634 τω
493 2598 684 2644 κρεανόμω
705 2602 784 2636 LP
879 2605 945 2636 247
973 2600 1100 2642 δαιτός
1120 2602 1195 2646 εἰμ’
1216 2599 1408 2647 ὀρεσκόου]
1429 2600 1474 2636 Η.
1491 2600 1647 2645 Stepha-

86 2665 167 2696 nus,
187 2651 314 2694 δαιτὸς
333 2652 551 2698 ἱμεροσκόου
574 2655 602 2687 L
688 2657 756 2688 248
777 2652 949 2700 λεόντων]
969 2655 1091 2700 λαγῶν
1111 2654 1180 2700 γάρ
1202 2654 1363 2689 Schenkl
1449 2657 1515 2688 251
1537 2652 1646 2698 ἥδιον

87 2707 134 2751 L,
158 2705 283 2752 ὴδίον’
320 2706 357 2750 ll
382 2704 463 2753 οὖν]
502 2706 649 2749 Reiske,
687 2705 735 2742 αὖ
761 2707 840 2742 LP
933 2711 1000 2742 252
1027 2705 1120 2751 πρὸς
1154 2706 1280 2747 οἴκους
1312 2708 1398 2747 σοὺς
1428 2706 1646 2742 Heimsoeth

87 2760 165 2804 (cfr.
192 2761 275 2804 288)
372 2763 439 2794 258
465 2759 619 2806 τούτων]
641 2759 790 2803 BarneS‚
809 2761 924 2795 τούτω
945 2761 980 2795 L
1077 2764 1145 2795 260
1172 2758 1251 2794 ἐπεί
1269 2761 1308 2805 γ’
1328 2759 1491 2806 ἐλήφθη]
1512 2759 1646 2803 Heath,

88 2813 166 2848 ἐπεὶ
192 2812 409 2857 κατελήφθη
429 2813 464 2848 L
485 2815 490 2855 Ι
513 2812 638 2856 λάθρα
658 2813 692 2848 L
789 2817 854 2848 261
883 2813 968 2859 γὰρ]
990 2812 1054 2856 ἄρ’
1075 2813 1235 2858 Lenting
1256 2812 1262 2859 Ι
1285 2810 1424 2855 ἐξόλοιο
1445 2813 1490 2856 L,
1517 2811 1647 2855 ἐξόλοι’

87 2867 100 2901 l
121 2868 126 2910 1
152 2866 246 2912 ΟΔ]
273 2865 412 2900 lineola
438 2866 477 2900 in
502 2866 536 2900 L
