1929 3208
738 175 922 208 ΜΗΔΕΙΑ
1533 172 1590 213 43

68 286 177 326 ΜΗ.
246 285 414 325 ἔτικτον
446 282 622 332 αὐτούς·
657 285 731 337 ζῆν
764 280 804 324 δ’
842 280 903 324 ὅτ’
941 280 1126 338 ἐξηύχου
1157 281 1307 334 τέκνα,
1523 292 1590 322 930

244 353 408 408 ἐσῆλθέ
438 352 481 409 μ’
519 351 663 403 οἶκτος
695 354 736 395 εἰ
764 355 990 408 γενήσεται
1022 353 1136 395 τάδε.
1194 404 1198 408 ¹

96 428 175 467 IA.
241 425 400 480 θάρσει
432 438 534 467 νυν·
567 421 617 466 εὖ
647 425 699 466 τὰ
730 425 870 466 τῶνδε
902 426 1087 477 θήσεται
1118 425 1268 478 πατήρ.
1522 433 1589 464 926

67 499 175 538 ΜΗ.
244 496 392 552 δράσω
424 491 539 538 τάδ’·
574 495 696 537 οὔτοι
729 502 824 544 σοῖς
856 494 1078 547 ἀπιστήσω
1111 496 1276 548 λόγοις·

243 567 356 621 γυνὴ
389 564 437 609 δὲ
468 570 587 620 θῆλυ
618 564 722 608 κάπὶ
755 566 964 620 δακρύοις
995 567 1092 619 ἔφυ.
1521 575 1589 605 928

244 636 337 680 ἀλλ’
375 634 519 690 ὧνπερ
552 634 679 678 εἵνεκ’
715 637 778 686 εἰς
809 635 941 690 ἐμοὺς
971 635 1089 689 ἥκεις
1120 636 1298 688 λόγους,
1522 646 1589 675 932

244 709 296 750 τὰ
328 707 408 762 μὲν
440 707 648 760 λέλεκται,
680 714 770 748 τῶν
802 705 840 748 δ’
879 705 964 760 ἐγὼ
997 708 1323 761 μνησθήσομαι.

246 777 336 821 ἐπεὶ
370 778 605 832 τυράννοις
635 783 715 832 γῆς
745 773 790 831 μ’
825 776 1079 819 ἀποστεῖλαι
1112 777 1254 830 δοκεῖ,

241 847 372 904 κάμοὶ
405 845 500 890 τάδ’
535 847 622 890 ἐστὶ
658 849 822 903 λῷστα,
855 848 1086 902 γιγνώσκω
1118 851 1280 901 καλῶς,
1522 858 1589 888 935

244 915 342 975 μήτ’
380 918 584 974 ἐμποδὼν
616 917 688 961 σοὶ
719 920 826 973 μήτε
856 918 1080 973 κοιράνοις
1110 919 1277 973 χθονὸς

241 991 402 1032 ναίειν·
434 990 550 1031 δοκῶ
581 989 666 1044 γὰρ
699 990 919 1044 δυσμενὴς
951 985 1063 1030 εἶναι
1097 990 1267 1043 δόμοις·

241 1061 365 1116 ἡμεῖς
395 1059 474 1116 μὲν
507 1059 554 1102 ἐκ
585 1065 665 1114 γῆς
695 1058 818 1115 τῆσδ’
855 1059 1110 1115 ἀπαροῦμεν
1143 1066 1284 1115 φυγῇ,

241 1132 394 1182 παῖδες
426 1129 466 1173 δ’
503 1131 620 1180 ὅπως
651 1129 706 1172 ἂν
738 1131 983 1187 ἐκτραφῶσι
1016 1137 1069 1187 σῇ
1102 1133 1215 1187 χερί,

242 1204 368 1245 αἰτοῦ
398 1201 598 1258 Κρέοντα
629 1202 763 1256 τήνδε
794 1203 852 1257 μὴ
885 1202 1067 1256 φεύγειν
1100 1203 1253 1257 χθόνα.
1520 1213 1588 1243 949

94 1276 176 1316 ΙΑ.
242 1274 322 1316 οὐκ
355 1269 440 1315 οἷδ’
476 1272 530 1315 ἂν
563 1274 604 1315 εἰ
631 1275 850 1328 πείσαιμι,
881 1277 1122 1328 πειρᾶσθαι
1154 1270 1201 1315 δὲ
1234 1276 1327 1329 χρή.

66 1348 173 1388 ΜΗ.
241 1347 296 1388 σὺ
329 1342 369 1386 δ’
406 1344 516 1386 ἀλλὰ
547 1345 631 1398 σὴν
662 1343 872 1387 κέλευσον
904 1345 1124 1387 αἰτεῖσθαι
1155 1345 1318 1399 πατρὸς

244 1418 447 1470 [γυναῖκα
479 1416 639 1465 παῖδας
668 1416 801 1469 τήνδε
833 1416 892 1470 μὴ
924 1416 1108 1470 φεύγειν
1139 1417 1312 1470 χθόνα]

95 1490 174 1530 ΙΑ.
241 1487 445 1542 μάλιστα,
477 1485 549 1528 καὶ
580 1487 747 1528 πείσειν
778 1502 827 1541 γε
861 1487 1025 1538 δοξάζω
1059 1483 1136 1541 σφ’
1173 1486 1269 1541 ἐγώ.

66 1560 173 1600 MH.
241 1562 361 1612 εἴπερ
393 1565 617 1613 γυναικῶν
649 1557 741 1600 ἐστι
771 1565 860 1600 τῶν
891 1558 1038 1600 ἄλλων
1070 1560 1158 1612 μία.
1520 1570 1587 1601 945

244 1631 521 1684 συλλήψομαι
555 1627 602 1671 δὲ
633 1627 769 1671 τοῦδέ
798 1640 869 1671 σοι
900 1628 1019 1683 κάγὼ
1049 1631 1210 1672 πόνου·

242 1700 397 1755 πέμψω
428 1701 512 1755 γὰρ
544 1700 654 1756 αὐτῇ
687 1698 791 1755 δῶρ’
829 1699 855 1742 ἃ
886 1701 1212 1744 καλλιστεύεται

242 1779 331 1814 τῶν
361 1777 446 1814 νῦν
478 1771 526 1813 ἐν
557 1771 880 1826 ἀνθρώποισιν,
915 1768 1000 1814 οἷδ’
1036 1772 1136 1827 ἐγώ,
1167 1774 1282 1815 πολὺ

245 1844 419 1896 [λεπτόν
449 1858 495 1885 τε
526 1841 692 1886 πέπλον
723 1842 796 1885 καὶ
827 1845 993 1886 πλόκον
1024 1845 1322 1899 χρυσήλατον]

241 1914 401 1964 παῖδας
433 1912 659 1968 φέροντας.
721 1912 817 1956 ἀλλ’
855 1915 962 1957 ὅσον
992 1915 1123 1970 τάχος
1152 1916 1293 1971 χρεὼν
1520 1926 1588 1957 950

160 2070 229 2101 930
261 2068 326 2112 ζῆν
356 2068 446 2101 mut.
478 2065 518 2100 in
549 2067 613 2111 ζῆν
645 2064 680 2100 δ’
711 2066 746 2100 L
786 2068 790 2111 Ι
831 2066 986 2112 ἐξηύχου
1018 2066 1200 2114 Scaliger]
1239 2067 1417 2113 ἐξηύχουν
1454 2067 1542 2101 libri

66 2123 132 2154 931
159 2118 264 2166 τάδε]
290 2119 372 2154 fort.
399 2117 484 2154 τόδε
580 2123 647 2154 926
675 2133 744 2154 vvv
764 2119 814 2166 L]
840 2120 908 2155 νύν
930 2120 966 2154 Ρ
989 2125 1056 2155 νῦν
1075 2133 1095 2155 r
1122 2122 1126 2165 Ι
1157 2118 1196 2155 εὖ
1222 2120 1267 2155 τὰ
1292 2122 1407 2156 τῶνδε
1432 2120 1589 2164 θήσεται

65 2172 185 2216 πατήρ
218 2174 276 2217 (=
303 2175 390 2218 πῖτῖι)
422 2172 464 2207 R.
485 2171 609 2218 Prinz]
654 2170 694 2207 εὖ
731 2172 800 2218 γὰρ
839 2172 949 2208 τῶνδ’
986 2173 1056 2218 ἐγὼ
1086 2173 1192 2217 θήσω
1224 2173 1305 2217 πέρι
1332 2175 1368 2208 Β
1400 2173 1518 2217 (θήσω
1552 2174 1588 2208 in

65 2225 231 2270 θήσομαι
257 2237 347 2261 corr.
374 2228 412 2260 et
436 2239 491 2271 γρ.
516 2225 622 2269 θήσω
649 2237 825 2271 superscr.
849 2227 882 2272 b)
903 2227 982 2262 EL
1010 2224 1050 2261 εὖ
1077 2226 1146 2272 γὰρ
1167 2233 1236 2262 νῦν
1255 2226 1365 2262 τῶνδ’
1391 2227 1460 2271 ἐγὼ
1482 2226 1586 2269 θήσω

65 2277 150 2322 πέρι
170 2279 206 2313 Ρ
235 2275 275 2313 εὖ
301 2278 370 2324 γὰρ
396 2279 512 2314 τῶνδε
537 2278 702 2323 θήσομαι
727 2277 811 2323 πέρι
831 2281 855 2314 d
881 2277 920 2314 εὖ
946 2279 1016 2325 γὰρ
1042 2281 1158 2315 τῶνδε
1185 2286 1252 2315 νῦν
1272 2279 1437 2324 θήσομαι
1462 2279 1545 2323 πέρι
1566 2293 1589 2314 ιι

64 2331 216 2375 θάρσει,
247 2331 372 2376 γύναι·
406 2331 451 2366 τὰ
478 2330 589 2367 τῶνδ’
620 2332 689 2378 ἐγὼ
714 2332 819 2376 θήσω
846 2335 964 2373 καλῶς
989 2332 1255 2369 Stadtmueller
1369 2337 1435 2367 927
1464 2332 1542 2367 οὔτι
1564 2333 1592 2368 S

114 2387 182 2419 928
207 2386 306 2429 θῆλυ
336 2384 376 2419 in
401 2396 470 2420 ras.
493 2385 547 2419 Βι
583 2387 701 2430 θῆλυς
719 2386 759 2420 Ε
791 2389 795 2430 Ι
830 2386 1008 2429 δακρύοις
1031 2386 1071 2421 in
1095 2398 1165 2422 ras.
1187 2387 1241 2421 B²
1363 2390 1429 2421 932
1457 2384 1587 2432 εἵνεκ’]

66 2435 189 2472 οὕνεκ’
218 2436 307 2472 libri
332 2436 469 2482 (οὕνεκ’
493 2439 543 2484 B)
623 2442 690 2472 933
717 2436 752 2473 δ’
783 2439 867 2486 ἐγὼ]
894 2438 934 2474 δὲ
960 2445 1029 2475 νῦν
1054 2440 1278 2475 Herwerden
1301 2441 1305 2485 Ι
1328 2439 1588 2484 μνησθήσομαι

67 2491 136 2535 (γρ.
163 2490 391 2535 μεμνήσομαι
415 2491 530 2526 minio
557 2494 751 2536 superscr.)
771 2493 811 2527 E
839 2503 984 2527 versum
1009 2493 1109 2528 delet
1134 2492 1280 2528 Verrall
1400 2496 1468 2526 934
1495 2491 1586 2526 ἀπο-

67 2541 222 2578 στέλλειν
241 2543 269 2578 S
303 2545 530 2588 (ἀποστεῖλαι.
551 2546 575 2590 I)
679 2548 747 2580 935
773 2546 961 2591 γιγνώσκω
982 2546 1052 2592 Sa]
1091 2546 1256 2591 γινώσκω
1275 2559 1295 2581 r
1397 2549 1464 2580 938
1491 2546 1587 2579 ἀπα-

67 2601 202 2640 ροῦμεν
214 2595 393 2643 Elmsley]
415 2596 621 2642 ἀπαίρομεν
641 2598 728 2632 libri
801 2602 868 2633 939
895 2600 1034 2639 παῖδας
1053 2598 1088 2634 δ’
1107 2599 1256 2633 Brunck
1278 2602 1282 2643 Ι
1306 2599 1536 2642 ἐκτραφῶσιν
1552 2599 1590 2632 Ε

114 2652 181 2683 942
208 2648 290 2683 fort.
318 2647 438 2684 κέλευε
464 2652 683 2686 συνδεῖσθαι
786 2655 853 2686 943
881 2651 1019 2687 delevit
1043 2652 1225 2687 Barthold
1250 2652 1376 2696 (verba
1401 2651 1511 2695 τήνδε
1538 2652 1585 2696 μὴ

66 2701 218 2747 φεύγειν
251 2712 270 2736 e
301 2714 331 2736 v.
354 2705 422 2736 940
454 2702 525 2738 huc
556 2704 716 2748 repetita
760 2715 838 2740 esse
874 2705 1020 2740 monuit
1051 2706 1215 2749 Brunck,
1255 2705 1317 2739 cfr.
1341 2708 1424 2748 785,
1455 2708 1538 2749 971)

67 2758 134 2789 945
169 2754 293 2790 Iasoni
326 2754 498 2790 tribuunt
530 2756 618 2790 libri
652 2759 805 2802 excepto
832 2759 867 2792 Β
901 2758 939 2792 in
971 2769 1043 2803 quo
1075 2761 1132 2793 est
1163 2759 1333 2801 Medeae,
1376 2758 1439 2793 cfr.
1473 2758 1588 2793 schol.

66 2806 190 2843 πάντα
215 2819 272 2843 σοι
297 2807 536 2851 πεισθήσεται
561 2809 583 2854 ὴ
612 2810 759 2855 Γλαύκη
782 2813 787 2856 1
810 2811 941 2857 ἄλλων]
968 2813 1110 2846 πολλῶν
1129 2811 1261 2845 Nauck
1359 2815 1426 2846 948
1453 2810 1525 2846 οἵδ’
1551 2812 1590 2846 Ε

114 2863 181 2895 949
208 2860 319 2896 eiecit
340 2861 474 2904 Bothe,
500 2861 563 2897 cfr.
586 2866 652 2897 786
675 2865 679 2907 Ι
701 2864 754 2909 τε]
781 2865 821 2898 δε
842 2865 881 2898 Ε
903 2877 923 2898 τ
948 2876 1026 2909 sup.
1048 2865 1071 2898 δ
1096 2875 1162 2898 scr.
1190 2863 1236 2897 al.
1262 2876 1308 2898 m.
1334 2866 1338 2907 Ι
1360 2865 1423 2899 καὶ
1449 2862 1587 2899 πλόκον

71 2923 142 2948 om.
163 2914 203 2948 Ε
225 2915 289 2948 καὶ
314 2913 446 2959 στέφος
471 2914 555 2950 add.
583 2914 629 2950 al.
656 2926 753 2951 man.
779 2916 817 2950 in
842 2927 957 2962 marg.
982 2919 986 2961 Ι
1008 2915 1163 2963 πλόκον]
1190 2915 1322 2961 στέφος
1341 2917 1370 2952 S
