1929 3208
751 128 991 160 APPENDIX
1595 132 1649 172 57

87 237 154 267 735
183 230 327 267 παίδων
351 231 382 265 τ’
409 231 566 272 ἄπαιδες
593 231 695 273 ὄντες
723 231 880 277 Blaydes
916 237 919 275 Ι
955 234 1115 269 κᾶπαιόε
1149 236 1199 277 (et
1226 236 1337 270 antea
1368 234 1502 278 ἔρροις)
1529 236 1653 270 Blom-

84 280 170 315 field
270 282 337 314 736
364 276 500 324 στέγος]
528 276 631 322 τέγος
661 278 820 323 Lenting
917 284 984 314 739
1010 282 1215 325 τούμπεσὸν
1243 281 1339 317 Weil

145 330 212 361 744
239 323 396 372 δέχοιντ’
422 325 581 370 Blaydes

144 377 211 408 753
238 373 333 419 οὔτι]
373 373 455 419 οὐχὶ
493 372 654 419 Lenting
777 378 843 408 756
883 380 1048 420 κρατῆρα
1086 377 1120 410 δ’
1159 377 1198 410 ἐν
1237 375 1395 422 χείρεσσι
1434 377 1473 411 B.
1502 377 1650 418 Martio,

82 426 226 465 ποτῆρα
251 421 285 455 δ’
311 421 350 455 ἐν
375 427 457 460 ταῖς
482 420 583 466 χερσὶ
611 419 743 461 Cobet,
769 426 912 465 ποτῆρα
939 423 972 456 δ’
999 423 1115 463 εὐθὺς
1140 424 1240 468 χερσὶ
1267 423 1418 466 Nauck,
1446 430 1590 469 ποτῆρα
1618 426 1651 459 δ’

83 469 194 512 εὐρὺν
221 468 321 513 χερσὶ,
346 467 464 509 Weil,
490 472 634 512 ποτῆρα
661 469 694 503 δ’
722 467 785 504 εἶτ’
813 470 850 504 ἐν
876 469 977 514 χερσὶ
1004 469 1150 515 Hayley

143 519 273 558 760sq.
301 514 414 549 verba
439 514 547 550 δισσὰ
575 543 581 549 .
605 545 610 550 .
634 544 640 550 .
669 512 733 562 ᾖδε
760 518 801 550 ut
827 517 965 551 omissa
990 518 1029 551 in
1056 518 1134 552 LP
1157 518 1246 552 eicit
1272 518 1418 563 Hayley

142 566 206 597 771
237 560 294 605 ἆρ’
322 563 364 598 οὐ
391 562 530 597 Porson
653 567 720 598 774
746 562 881 605 ξένοισι
905 564 1116 607 πρόσπολον
1142 565 1302 609 Blaydes
1426 570 1493 600 779
1530 566 1576 601 ἂν
1605 568 1648 611 δὴ

82 612 293 654 σοφώτερος
319 609 375 644 vel
402 607 448 644 ἂν
475 608 768 655 σωφρονέστερος
794 611 954 655 Blaydes

141 661 208 692 780
234 657 426 702 πράγμαθ’
451 655 564 702 ἥντιν’
585 654 685 692 οἷσθ’
707 658 780 702 ἔχει
802 658 960 702 Blaydes
982 662 986 703 Ι
1011 657 1110 694 οἶσθ’
1132 660 1190 703 ἄρ’
1211 660 1386 704 Hartung
1460 664 1525 695 781
1549 661 1650 695 delet

82 705 294 739 Lachmann
394 707 460 738 782
489 704 606 746 delet,
635 708 700 739 783
729 704 796 740 οὐκ
823 704 1005 748 scribens,
1035 717 1240 750 anonymus
1364 711 1491 752 785sq.
1520 710 1560 743 τὸ
1588 714 1650 752 τῆς

79 754 191 797 τύχης
217 752 287 797 γὰρ
315 750 380 797 οὐχ
410 750 598 787 ἁλίσκεται
624 750 732 796 τέχνῃ
758 753 906 796 (ceteris
933 753 1080 796 deletis)
1108 764 1315 797 anonymus

142 803 209 834 790
235 800 276 835 τὸ
304 800 473 834 πλεῖστον
499 798 708 833 Wakefield
783 802 969 834 790—802
998 800 1098 835 delet
1124 800 1344 836 Holthoefer
1422 805 1488 836 792
1516 803 1648 849 ταῦτα]

80 847 205 882 πάντα
231 845 429 880 Markland
513 849 580 880 793
608 845 742 892 λέγειν]
772 854 922 892 φρονεῖν
948 847 987 883 F.
1009 847 1076 882 Gu.
1099 847 1270 882 Schmidt
1368 852 1435 883 795
1463 849 1539 884 πίει
1564 852 1650 894 μεθ’

81 893 181 938 ἡμῶν
209 893 487 938 <natumst-creis.
513 895 645 928 ἀνθῶν
671 893 796 940 κάρα)
824 893 1050 930 Herwerden
1072 896 1076 935 Ι
1099 895 1228 942 τύχας]
1261 896 1402 942 πτύχας
1431 895 1648 937 Wakefield,

79 943 194 981 τύκας
233 941 427 975 Schwerdt
549 944 614 974 797
651 941 858 986 ξυνοφρύος
893 949 1012 978 κακοῦ
1049 942 1227 977 Weidner
1266 945 1270 985 ξ
1312 946 1472 988 φρενῶν]
1510 945 1649 987 τρόπον

78 988 220 1025 Nauck.
248 988 404 1033 βλέπους
431 987 594 1022 Dindorf
689 992 757 1023 798
785 990 912 1036 σκύφῳ
939 989 970 1024 J.
991 989 1154 1024 Heiland

138 1039 205 1070 804
232 1036 332 1079 ἄξια]
360 1035 463 1070 αι”τια
488 1035 648 1079 Blaydes
748 1039 816 1071 807
843 1042 921 1078 πῶς
946 1039 1073 1079 ζῶσιν;
1100 1037 1282 1072 Τοωᾞίοι·
1316 1040 1320 1082 Ι
1353 1039 1420 1072 οὐκ
1447 1038 1506 1081 ἄρ’
1535 1037 1649 1074 οἶσθα

79 1082 207 1125 Cobet,
234 1083 276 1118 οὐ
304 1082 373 1128 γὰρ
401 1081 516 1118 οἶσθα
543 1083 702 1127 Blaydes
800 1087 869 1118 808
895 1084 929 1119 εἰ
953 1082 1002 1130 μή
1029 1098 1068 1129 γε
1094 1084 1258 1130 Elmsley
1281 1087 1286 1129 Ι
1310 1085 1371 1126 σός
1399 1098 1435 1130 γε
1470 1086 1650 1130 δεσπότης

77 1131 114 1175 μ’
141 1130 302 1175 Lenting
399 1132 466 1164 809
494 1127 521 1164 ὦ
547 1135 628 1172 τᾶν,
654 1131 796 1172 ἐκεῖνος
821 1131 859 1165 F.
882 1131 949 1166 Gu.
971 1131 1141 1166 Schmidt

139 1181 207 1212 810
233 1175 274 1212 εὖ
299 1179 440 1212 παθεῖν
468 1177 565 1212 Weil
688 1181 819 1223 8108q.
860 1179 1006 1224 spurios
1045 1179 1159 1214 habet
1194 1179 1236 1214 R.
1258 1180 1366 1214 Prinz
1489 1185 1558 1215 812
1585 1181 1650 1223 τὴν

79 1223 194 1261 οὖσαν
230 1225 446 1264 Markland,
486 1226 657 1261 σύνοικον
694 1225 734 1260 F.
761 1225 829 1262 Gn.
859 1226 1029 1261 Schmidt
1150 1231 1219 1261 814
1258 1225 1277 1262 ὃ
1310 1229 1343 1262 δ’
1378 1229 1420 1263 οὐ
1549 1230 1651 1273 ἀλγεῖ

77 1272 204 1318 πότμῳ
230 1272 287 1307 vel
312 1273 398 1307 τῶδ’
425 1273 467 1306 οὐ
496 1300 501 1304 .
525 1301 530 1307 .
555 1301 561 1307 .
592 1273 651 1316 ἄρ’
678 1268 723 1316 ἦν
749 1272 872 1316 ὄτλος;
899 1273 938 1308 F.
960 1273 1029 1309 Gu.
1052 1273 1223 1309 Schmidt
1255 1276 1259 1318 Ι
1283 1274 1401 1321 ἄρχει]
1430 1276 1536 1320 ἀλγεῖ
1561 1276 1649 1309 Pur-

77 1319 184 1365 gold,
221 1319 297 1361 ὄζει
335 1308 516 1354 Tournier
661 1323 729 1355 815
769 1321 812 1356 οὐ
848 1321 919 1366 γάρ
958 1333 996 1357 σε
1023 1349 1030 1356 .
1054 1350 1088 1356 ..
1123 1322 1296 1367 ἠχθόμην
1333 1324 1401 1367 ἐγώ
1441 1323 1602 1367 Lenting

76 1370 240 1402 816-19
268 1367 380 1407 delet,
407 1367 447 1401 in
474 1367 614 1402 scholio
641 1368 689 1402 ad
713 1380 744 1402 ν.
773 1371 842 1403 820
869 1369 1059 1414 adscripto
1085 1369 1244 1413 τέσσαρα
1269 1381 1336 1414 pro
1362 1370 1448 1413 τρία
1474 1371 1649 1407 scribens,

78 1413 213 1448 Nauck
312 1418 378 1449 817
407 1413 544 1460 δέοντι]
572 1415 748 1458 πρέποντι
773 1415 955 1451 Tournier
1064 1420 1228 1451 817—20
1255 1417 1360 1459 eicit,
1388 1417 1554 1452 scribens
1581 1422 1648 1452 816

78 1461 246 1497 πέπονθε
275 1461 381 1496 δεινά
406 1475 477 1502 τις.
504 1462 531 1495 Β
565 1461 854 1498 Hannemueller
974 1467 1042 1498 818
1068 1467 1143 1499 ΗΡ.
1171 1464 1314 1505 πένθος
1345 1464 1415 1509 γὰρ
1444 1466 1530 1510 ὑμῖν
1557 1467 1648 1500 ἐστιι

80 1511 151 1544 ΘΕ.
179 1508 250 1544 κᾶν
277 1509 416 1552 κουρὰν
443 1509 591 1553 βλέποις
617 1510 780 1555 Lenting
900 1513 1031 1555 818sq.
1058 1514 1135 1546 ΗΡ.
1162 1511 1304 1553 πένθος
1331 1511 1401 1556 γὰρ
1435 1513 1521 1556 ὑμῖν
1555 1513 1644 1548 ἐστι;

77 1555 132 1596 τίς
159 1557 191 1591 δ’
220 1556 238 1592 ὁ
264 1558 484 1598 κατθανών;
512 1556 631 1591 verbis
658 1558 722 1592 καὶ
744 1585 750 1591 .
774 1585 780 1591 .
804 1585 809 1592 .
830 1570 869 1592 τε
896 1557 1030 1593 deletis
1057 1560 1095 1593 et
1119 1571 1227 1593 versu
1247 1562 1316 1594 820
1336 1560 1455 1594 eiecto
1476 1560 1618 1595 Mekler

80 1603 144 1638 καὶ
173 1605 348 1648 στολμοὺς
374 1602 519 1649 βλέπεις
547 1632 552 1638 .
577 1632 582 1638 .
606 1633 612 1638 .
640 1604 780 1648 κουράν
805 1618 842 1640 τε
869 1605 1019 1650 Murray
1117 1609 1280 1641 818-20
1316 1607 1471 1642 lacunae
1499 1607 1649 1653 explen-

77 1651 147 1685 dae
184 1661 296 1685 causa
331 1650 377 1684 ab
417 1651 684 1695 interpolatore
720 1652 809 1687 olim
849 1652 998 1687 additos
1036 1664 1115 1688 esse
1153 1656 1264 1698 putat
1301 1654 1512 1692 Kirchhoff.
1556 1656 1647 1691 item

77 1698 118 1732 R.
140 1698 248 1732 Prinz
274 1698 444 1733 Herculis
470 1709 615 1732 versum
642 1700 728 1733 ante
755 1703 823 1734 821
850 1700 1085 1735 intercidisse
1111 1704 1214 1735 ratus
1237 1704 1242 1745 Ι
1266 1705 1347 1736 818.
1370 1705 1437 1736 819
1464 1702 1581 1744 delet,
1609 1703 1647 1737 in

76 1745 216 1780 scholio
241 1745 288 1779 τὰ
314 1746 381 1781 δύο
408 1745 592 1788 scribens,
618 1746 758 1791 Wolfg.
779 1746 900 1781 Bauer

133 1795 201 1827 820
227 1798 305 1837 μῶν
334 1789 377 1836 ἦν
405 1793 555 1837 Murray
591 1796 596 1836 Ι
631 1800 709 1839 μῶν
734 1792 756 1838 ἣ
783 1793 912 1838 γένους
936 1808 971 1830 τι
997 1795 1141 1838 (malim
1167 1798 1234 1839 τις)
1262 1796 1460 1831 Kirchhoff
1489 1802 1492 1840 ξ
1529 1798 1648 1842 πατὴρ

75 1839 192 1884 γέρων
226 1840 416 1874 Hermann
539 1844 606 1875 822
642 1854 684 1885 με
719 1841 889 1884 ξενίζετες
924 1842 956 1876 J.
978 1842 1139 1877 Heiland
1181 1846 1185 1887 Ι
1227 1844 1402 1886 ἐξενίζετο
1439 1855 1647 1887 anonymus

74 1887 175 1931 apud
210 1887 427 1922 Barnesium
550 1891 619 1923 826
658 1889 737 1923 ἀλλ’
776 1887 948 1935 ᾐσθόμην
987 1888 1033 1925 ἂν
1058 1890 1270 1933 Blomfield‚
1304 1891 1556 1935 κάνέστρεφον
1582 1893 1648 1936 μὲν

76 1934 113 1968 F.
135 1933 202 1968 Gu.
226 1934 395 1969 Schmidt
427 1938 432 1978 Ι
468 1935 568 1980 ὄμμα
595 1937 659 1971 σὸν
684 1936 844 1981 Blaydes
955 1941 1022 1972 827
1049 1951 1086 1973 τε
1114 1938 1382 1982 δυσπρόσωπον
1408 1939 1645 1975 Herwerden.

76 1995 113 2016 τε
141 1983 203 2016 καὶ
231 1982 426 2025 πρόσωθεν
451 1982 568 2024 weil,
593 1984 624 2017 τ’
652 1983 734 2030 ἄχει
760 1985 955 2031 προσῳδὸν
981 1985 1019 2019 F.
1041 1984 1108 2020 Gn.
1131 1985 1319 2029 Schmidt,
1356 1986 1472 2020 etiam
1505 2000 1542 2021 τε
1583 1989 1644 2022 καὶ

76 2031 141 2064 τὸν
178 2029 319 2065 πέπλον
357 2029 606 2073 coniciebam‚
644 2044 681 2066 τε
719 2032 783 2066 καὶ
821 2031 1008 2077 πρόσοψιν
1052 2033 1210 2077 Hayley,
1255 2047 1291 2068 τε
1336 2035 1399 2068 καὶ
1445 2035 1646 2079 στεναγμόν

75 2076 235 2119 Blaydes
271 2078 276 2121 Ι
310 2077 388 2111 ἀλλ’
415 2076 537 2123 ἐπεῖχε
563 2078 602 2112 F.
623 2077 690 2113 Gu.
714 2078 885 2113 Schmidt
995 2083 1063 2114 828
1090 2080 1212 2125 μένειν
1238 2084 1403 2124 θυραῖον
1430 2083 1563 2124 νεκρὸν
1589 2083 1646 2116 ἐκ-

73 2123 200 2168 φέρειν
234 2123 347 2168 λέγων
383 2124 440 2159 vel
467 2124 580 2170 λέγων
605 2128 769 2170 θυραῖον
795 2154 802 2161 .
826 2154 832 2160 .
857 2155 862 2160 .
891 2126 1059 2172 ἐκφέρειν
1094 2127 1219 2172 μένειν
1246 2128 1407 2172 Blaydes
1443 2132 1445 2171 ;
1481 2131 1646 2172 θυραῖον

76 2178 196 2210 κεῖνος
222 2171 392 2215 ἐκφέρειν
418 2172 549 2216 νεκρόν
576 2172 614 2207 F.
637 2172 705 2208 Gu.
727 2172 897 2208 Schmidt

134 2234 263 2274 831sq.
301 2230 415 2265 verba
452 2227 548 2266 κᾶτα
576 2259 582 2265 .
605 2260 611 2266 .
634 2260 640 2266 .
667 2232 894 2275 πυκασθείςς
932 2232 1032 2268 delet
1066 2233 1292 2268 Herwerden
1416 2238 1483 2269 832
1513 2241 1577 2270 σοῦ
1604 2235 1645 2269 τό

73 2290 135 2321 μοι
170 2277 323 2326 ῌοίεὶζθ,
364 2285 430 2313 σοῦ
463 2269 512 2325 τ’ςῖι
548 2277 597 2324 μὴ
631 2279 847 2317 Markland.
873 2286 984 2316 τοῦτο
1013 2280 1063 2326 μὴ
1089 2281 1128 2315 F.
1150 2280 1216 2315 Gru.
1239 2282 1347 2323 Rost,
1377 2283 1441 2317 σὸν
1468 2282 1540 2322 (vel
1567 2288 1644 2322 σοῦ)

74 2324 151 2360 τόδ’
178 2327 223 2368 ἠν
249 2324 287 2359 F.
310 2324 377 2360 Gu.
400 2325 582 2368 Schmidt,
609 2333 680 2371 φεῦ
705 2328 746 2362 τὸ
768 2327 817 2372 μὴ
838 2327 1064 2363 Herwerden
1086 2330 1090 2371 Ι
1115 2330 1145 2363 6³
1172 2329 1360 2374 αἰτοῦμαι,
1392 2329 1551 2373 φράσον,
1576 2330 1645 2364 hose

75 2383 179 2406 versu
217 2374 303 2416 post
340 2375 408 2407 833
447 2374 687 2418 transposito,
723 2373 764 2409 G.
791 2374 929 2410 Bellios
1075 2379 1143 2410 834
1179 2376 1320 2421 εὕροιμ’
1359 2376 1404 2411 ἂν
1437 2377 1597 2421 Blaydes

74 2422 142 2453 835
182 2419 368 2461 Λαρίσσας
404 2421 517 2455 Monk
549 2421 589 2465 (i.
611 2432 639 2456 e.
678 2421 854 2465 Λαρίσης)
1000 2426 1068 2457 836
1107 2421 1249 2470 ξεστὸν]
1289 2422 1429 2469 χωστὸν
1466 2423 1595 2458 Nauck

75 2469 142 2500 829
170 2465 322 2511 ἐγείνατ’
353 2466 627 2511 Ἠλεκτρύωνος
653 2467 845 2511 Gaisford‚
873 2468 1027 2514 ἐγείνατ’
1054 2469 1320 2514 Ἠλεκτρύονος
1348 2471 1482 2508 Bothe,
1518 2471 1644 2507 Ἠλεκ-

72 2515 218 2557 τρυώνη
244 2513 391 2558 ’γείνατ’
420 2515 683 2559 Wilamowit2‚
710 2515 982 2559 Ἠλεκτρύωνος
1008 2517 1129 2553 ἔτεκεν
1154 2518 1315 2562 Blaydes

135 2576 320 2607 543—847
349 2574 468 2609 ἐλθὼν
495 2575 534 2610 δὲ
554 2574 739 2611 θάνατον·
768 2575 832 2611 καί
858 2589 914 2611 νιν
936 2604 941 2610 .
965 2604 971 2610 .
995 2605 1000 2610 .
1023 2577 1336 2622 προσφαγμάτων·
1365 2578 1480 2612 αὐτοῦ
1502 2577 1643 2623 λοχήσω

74 2620 144 2654 κᾶν
182 2631 248 2664 σφε
286 2621 473 2666 περιβάλω
512 2629 636 2667 χεροῖν
673 2623 820 2664 (ceteris
859 2623 1006 2667 deletis)
1043 2635 1248 2669 anonymus
1371 2627 1438 2658 845
1466 2624 1644 2660 πίτνοντα

75 2666 259 2711 Hartung‚
287 2665 412 2709 ἴζοντα
437 2667 614 2711 Dindorf‚
639 2669 798 2714 μένοντα
823 2670 880 2705 vel
907 2673 1076 2716 λοχῶντα
1101 2671 1264 2715 Blaydes
1363 2675 1430 2706 846
1458 2672 1646 2716 κρυφαίας

74 2713 241 2754 Dindorf,
268 2714 418 2750 mallem
445 2716 626 2761 λοχμαίας
722 2721 789 2752 847
818 2718 940 2766 κύκλῳ
966 2718 1106 2753 Aldina
1130 2722 1132 2762 [
1157 2721 1265 2763 ἐμαῖν
1293 2724 1506 2763 suspectum
1532 2719 1643 2754 habet

74 2761 209 2796 Nauck
237 2761 335 2805 (fort.
363 2763 572 2808 περιβαλὼν
598 2769 723 2809 χεροῖν
747 2766 858 2811 τύχω)

137 2823 204 2854 850
232 2821 265 2855 δ”
294 2820 482 2866 ἐξαμάρτω
509 2821 567 2857 vel
593 2823 626 2857 δ’
652 2819 700 2857 αὖ
726 2823 910 2868 ’ξαμοίρτω
937 2824 1097 2869 Blaydes
1180 2828 1246 2859 851
1275 2825 1340 2869 τὴν
1367 2824 1466 2859 κάτω
1495 2824 1644 2866 Aldina,

79 2867 163 2901 fort.
200 2869 286 2907 τοὺς
322 2868 421 2904 κάτω
544 2872 673 2914 85lsq.
710 2876 774 2906 τοῦ
810 2871 908 2906 κάτω
944 2872 1051 2916 γαίας
1091 2873 1251 2912 ἄνακτος
1296 2872 1347 2913 εἰς
1392 2883 1597 2916 anonymus
