<?xml version="1.0" encoding="UTF-8"?>
<!DOCTYPE html PUBLIC "-//W3C//DTD XHTML 1.0 Transitional//EN"
    "http://www.w3.org/TR/xhtml1/DTD/xhtml1-transitional.dtd">
<html xmlns="http://www.w3.org/1999/xhtml" xml:lang="en" lang="en">
 <head>
  <title>
</title>
<meta http-equiv="Content-Type" content="text/html;charset=utf-8" />
  <meta name='ocr-system' content='tesseract 3.04.00' />
  <meta name='ocr-capabilities' content='ocr_page ocr_carea ocr_par ocr_line ocrx_word'/>
</head>
<body>
  <div class='ocr_page' id='page_1' title='image "./euripidisfabula01euriuoft_0077.png"; bbox 0 0 1929 3208; ppageno 0'>
   <div class='ocr_carea' id='block_1_1' title="bbox 762 131 1613 171">
    <p class='ocr_par' dir='ltr' id='par_1_1' title="bbox 762 131 1613 171">
     <span class='ocr_line' id='line_1_1' title="bbox 762 131 1613 171; baseline 0 -9"><span class='ocrx_word' id='word_1_1' title='bbox 762 131 946 162; x_wconf 79' lang='grc' dir='ltr'>ΜΠΔΕῙΛ</span> <span class='ocrx_word' id='word_1_2' title='bbox 1558 131 1613 171; x_wconf 69' lang='grc'><strong><em>63</em></strong></span> 
     </span>
    </p>
   </div>
   <div class='ocr_carea' id='block_1_2' title="bbox 113 237 1613 930">
    <p class='ocr_par' dir='ltr' id='par_1_2' title="bbox 113 237 1613 930">
     <span class='ocr_line' id='line_1_2' title="bbox 266 237 1613 292; baseline 0.001 -14"><span class='ocrx_word' id='word_1_3' title='bbox 266 237 596 292; x_wconf 79' lang='grc' dir='ltr'><strong><em>μαρτυρόμενος</em></strong></span> <span class='ocrx_word' id='word_1_4' title='bbox 629 237 843 292; x_wconf 82' lang='grc' dir='ltr'><strong><em>δαίμονας</em></strong></span> <span class='ocrx_word' id='word_1_5' title='bbox 875 237 933 286; x_wconf 83' lang='grc' dir='ltr'><strong><em>ὥς</em></strong></span> <span class='ocrx_word' id='word_1_6' title='bbox 963 253 1038 292; x_wconf 92' lang='grc' dir='ltr'><strong><em>μοι</em></strong></span> <span class='ocrx_word' id='word_1_7' title='bbox 1524 250 1613 280; x_wconf 73' lang='lat'>1410</span> 
     </span>
     <span class='ocr_line' id='line_1_3' title="bbox 264 304 1000 358; baseline -0.001 -8"><span class='ocrx_word' id='word_1_8' title='bbox 264 304 377 350; x_wconf 87' lang='grc' dir='ltr'><strong><em>τέκν’</em></strong></span> <span class='ocrx_word' id='word_1_9' title='bbox 415 305 692 350; x_wconf 68' lang='grc' dir='ltr'><strong><em>ἀποκτείναιτ’</em></strong></span> <span class='ocrx_word' id='word_1_10' title='bbox 730 306 1000 358; x_wconf 84' lang='grc' dir='ltr'><strong><em>ἀποκωλύεις</em></strong></span> 
     </span>
     <span class='ocr_line' id='line_1_4' title="bbox 265 378 1176 434; baseline 0.001 -14"><span class='ocrx_word' id='word_1_11' title='bbox 265 379 437 429; x_wconf 83' lang='grc' dir='ltr'><strong><em>ψαῦσαί</em></strong></span> <span class='ocrx_word' id='word_1_12' title='bbox 463 394 507 420; x_wconf 91' lang='grc' dir='ltr'><strong><em>τε</em></strong></span> <span class='ocrx_word' id='word_1_13' title='bbox 539 385 688 434; x_wconf 79' lang='grc' dir='ltr'><em>χεροῖν</em></span> <span class='ocrx_word' id='word_1_14' title='bbox 719 378 863 429; x_wconf 80' lang='grc' dir='ltr'><em>θάψαι</em></span> <span class='ocrx_word' id='word_1_15' title='bbox 894 394 940 421; x_wconf 90' lang='grc' dir='ltr'><strong><em>τε</em></strong></span> <span class='ocrx_word' id='word_1_16' title='bbox 971 380 1176 434; x_wconf 86' lang='grc' dir='ltr'><strong><em>νεκρούς,</em></strong></span> 
     </span>
     <span class='ocr_line' id='line_1_5' title="bbox 266 446 1027 504; baseline 0.001 -13"><span class='ocrx_word' id='word_1_17' title='bbox 266 448 343 499; x_wconf 89' lang='grc' dir='ltr'><strong><em>οὓς</em></strong></span> <span class='ocrx_word' id='word_1_18' title='bbox 375 446 531 504; x_wconf 84' lang='grc' dir='ltr'><strong><em>μήποτ’</em></strong></span> <span class='ocrx_word' id='word_1_19' title='bbox 568 449 651 503; x_wconf 83' lang='grc' dir='ltr'><strong><em>ἐγὼ</em></strong></span> <span class='ocrx_word' id='word_1_20' title='bbox 684 449 830 504; x_wconf 82' lang='grc' dir='ltr'><em>φύσας</em></span> <span class='ocrx_word' id='word_1_21' title='bbox 862 450 1027 504; x_wconf 80' lang='grc' dir='ltr'><strong><em>ὄφελον</em></strong></span> 
     </span>
     <span class='ocr_line' id='line_1_6' title="bbox 264 518 1042 575; baseline 0 -13"><span class='ocrx_word' id='word_1_22' title='bbox 264 521 374 574; x_wconf 84' lang='grc' dir='ltr'><strong><em>πρὸς</em></strong></span> <span class='ocrx_word' id='word_1_23' title='bbox 405 526 487 562; x_wconf 89' lang='grc' dir='ltr'><strong><em>σοῦ</em></strong></span> <span class='ocrx_word' id='word_1_24' title='bbox 519 518 767 575; x_wconf 82' lang='grc' dir='ltr'><strong><em>φθιμένους</em></strong></span> <span class='ocrx_word' id='word_1_25' title='bbox 799 519 1042 562; x_wconf 82' lang='grc' dir='ltr'><strong><em>έπιδέσθαι.</em></strong></span> 
     </span>
     <span class='ocr_line' id='line_1_7' title="bbox 113 588 1613 648; baseline 0.001 -14"><span class='ocrx_word' id='word_1_26' title='bbox 113 594 204 634; x_wconf 88' lang='grc' dir='ltr'><strong><em>ΧΟ.</em></strong></span> <span class='ocrx_word' id='word_1_27' title='bbox 265 594 443 633; x_wconf 81' lang='grc' dir='ltr'><strong><em>πολλῶν</em></strong></span> <span class='ocrx_word' id='word_1_28' title='bbox 474 595 627 646; x_wconf 83' lang='grc' dir='ltr'><strong><em>ταμίας</em></strong></span> <span class='ocrx_word' id='word_1_29' title='bbox 660 592 770 641; x_wconf 85' lang='grc' dir='ltr'><strong><em>Ζεὺς</em></strong></span> <span class='ocrx_word' id='word_1_30' title='bbox 803 591 850 633; x_wconf 87' lang='grc' dir='ltr'><strong><em>έν</em></strong></span> <span class='ocrx_word' id='word_1_31' title='bbox 878 588 1098 648; x_wconf 77' lang='grc' dir='ltr'><em>Ὀλύμπῳ,</em></span> <span class='ocrx_word' id='word_1_32' title='bbox 1525 606 1613 636; x_wconf 75' lang='lat'>1415</span> 
     </span>
     <span class='ocr_line' id='line_1_8' title="bbox 264 660 1118 716; baseline -0.001 -11"><span class='ocrx_word' id='word_1_33' title='bbox 264 663 403 705; x_wconf 82' lang='grc' dir='ltr'><strong><em>πολλὰ</em></strong></span> <span class='ocrx_word' id='word_1_34' title='bbox 436 660 474 704; x_wconf 86' lang='grc' dir='ltr'><strong><em>δ’</em></strong></span> <span class='ocrx_word' id='word_1_35' title='bbox 512 661 705 712; x_wconf 82' lang='grc' dir='ltr'><em>ἀέλπτως</em></span> <span class='ocrx_word' id='word_1_36' title='bbox 736 663 968 716; x_wconf 77' lang='grc' dir='ltr'><strong><em>κραίνουσι</em></strong></span> <span class='ocrx_word' id='word_1_37' title='bbox 999 664 1118 704; x_wconf 83' lang='grc' dir='ltr'><strong><em>θεοί·</em></strong></span> 
     </span>
     <span class='ocr_line' id='line_1_9' title="bbox 268 729 1069 787; baseline 0.001 -13"><span class='ocrx_word' id='word_1_38' title='bbox 268 732 341 775; x_wconf 87' lang='grc' dir='ltr'><strong><em>καὶ</em></strong></span> <span class='ocrx_word' id='word_1_39' title='bbox 372 734 424 774; x_wconf 88' lang='grc' dir='ltr'><strong><em>τὰ</em></strong></span> <span class='ocrx_word' id='word_1_40' title='bbox 457 729 692 787; x_wconf 82' lang='grc' dir='ltr'><strong><em>δοκηθέντ’</em></strong></span> <span class='ocrx_word' id='word_1_41' title='bbox 729 732 810 775; x_wconf 86' lang='grc' dir='ltr'><strong><em>οὐκ</em></strong></span> <span class='ocrx_word' id='word_1_42' title='bbox 842 731 1069 787; x_wconf 80' lang='grc' dir='ltr'><strong><em>ἐτελέσθη.</em></strong></span> 
     </span>
     <span class='ocr_line' id='line_1_10' title="bbox 264 800 1149 859; baseline 0.001 -13"><span class='ocrx_word' id='word_1_43' title='bbox 264 811 352 846; x_wconf 84' lang='grc' dir='ltr'><strong><em>τῶν</em></strong></span> <span class='ocrx_word' id='word_1_44' title='bbox 386 801 427 845; x_wconf 87' lang='grc' dir='ltr'><strong><em>δ’</em></strong></span> <span class='ocrx_word' id='word_1_45' title='bbox 463 802 691 858; x_wconf 80' lang='grc' dir='ltr'><strong><em>ἀδοκήτων</em></strong></span> <span class='ocrx_word' id='word_1_46' title='bbox 722 804 862 859; x_wconf 90' lang='grc' dir='ltr'><strong><em>πόρον</em></strong></span> <span class='ocrx_word' id='word_1_47' title='bbox 894 800 1003 859; x_wconf 85' lang='grc' dir='ltr'><strong><em>ηὗρε</em></strong></span> <span class='ocrx_word' id='word_1_48' title='bbox 1034 806 1149 855; x_wconf 82' lang='grc' dir='ltr'><strong><em>θεός.</em></strong></span> 
     </span>
     <span class='ocr_line' id='line_1_11' title="bbox 263 870 955 930; baseline 0.001 -14"><span class='ocrx_word' id='word_1_49' title='bbox 263 870 428 917; x_wconf 83' lang='grc' dir='ltr'><strong><em>τοιόνδ’</em></strong></span> <span class='ocrx_word' id='word_1_50' title='bbox 465 872 603 930; x_wconf 85' lang='grc' dir='ltr'><strong><em>ἀπέβη</em></strong></span> <span class='ocrx_word' id='word_1_51' title='bbox 635 875 736 916; x_wconf 89' lang='grc' dir='ltr'><strong><em>τόδε</em></strong></span> <span class='ocrx_word' id='word_1_52' title='bbox 768 880 955 930; x_wconf 86' lang='grc' dir='ltr'><strong><em>πρᾶγμα.</em></strong></span> 
     </span>
    </p>
   </div>
   <div class='ocr_carea' id='block_1_3' title="bbox 86 1017 1613 1658">
    <p class='ocr_par' dir='ltr' id='par_1_3' title="bbox 86 1017 1613 1658">
     <span class='ocr_line' id='line_1_12' title="bbox 183 1017 1612 1072; baseline 0.003 -10"><span class='ocrx_word' id='word_1_53' title='bbox 183 1030 274 1062; x_wconf 89' lang='grc'>1410</span> <span class='ocrx_word' id='word_1_54' title='bbox 294 1025 602 1072; x_wconf 75' lang='grc' dir='ltr'><strong><em>μαρτυράμενοςῖ)</em></strong></span> <span class='ocrx_word' id='word_1_55' title='bbox 625 1027 629 1072; x_wconf 83' lang='lat' dir='ltr'>l</span> <span class='ocrx_word' id='word_1_56' title='bbox 653 1039 722 1071; x_wconf 89' lang='grc' dir='ltr'><strong><em>μου</em></strong></span> <span class='ocrx_word' id='word_1_57' title='bbox 734 1039 756 1062; x_wconf 82' lang='grc' dir='ltr'><strong><em>α</em></strong></span> <span class='ocrx_word' id='word_1_58' title='bbox 817 1030 904 1061; x_wconf 84' lang='grc'>1411</span> <span class='ocrx_word' id='word_1_59' title='bbox 926 1025 1037 1062; x_wconf 79' lang='grc' dir='ltr'><strong><em>τέκνα</em></strong></span> <span class='ocrx_word' id='word_1_60' title='bbox 1057 1025 1218 1063; x_wconf 83' lang='grc' dir='ltr'><strong><em>κτείνασ’</em></strong></span> <span class='ocrx_word' id='word_1_61' title='bbox 1234 1028 1263 1064; x_wconf 83' lang='lat' dir='ltr'><strong><em>S</em></strong></span> <span class='ocrx_word' id='word_1_62' title='bbox 1320 1033 1410 1064; x_wconf 88' lang='grc'>1413</span> <span class='ocrx_word' id='word_1_63' title='bbox 1432 1017 1564 1071; x_wconf 42' lang='lat' dir='ltr'><strong><em>&amp;volcas</em></strong></span> <span class='ocrx_word' id='word_1_64' title='bbox 1579 1032 1612 1066; x_wconf 90' lang='lat' dir='ltr'><em>L</em></span> 
     </span>
     <span class='ocr_line' id='line_1_13' title="bbox 87 1079 1613 1127; baseline 0.002 -11"><span class='ocrx_word' id='word_1_65' title='bbox 87 1081 156 1127; x_wconf 79' lang='grc' dir='ltr'><strong><em>ἐγὼ</em></strong></span> <span class='ocrx_word' id='word_1_66' title='bbox 183 1080 303 1126; x_wconf 84' lang='grc' dir='ltr'><strong><em>φύσας</em></strong></span> <span class='ocrx_word' id='word_1_67' title='bbox 323 1081 334 1115; x_wconf 79' lang='lat' dir='ltr'><em>l</em></span> <span class='ocrx_word' id='word_1_68' title='bbox 356 1082 360 1125; x_wconf 84' lang='grc'>1</span> <span class='ocrx_word' id='word_1_69' title='bbox 384 1079 519 1124; x_wconf 84' lang='grc' dir='ltr'><strong><em>ὄφελον</em></strong></span> <span class='ocrx_word' id='word_1_70' title='bbox 538 1080 590 1126; x_wconf 90' lang='grc' dir='ltr'><strong><em>Β]</em></strong></span> <span class='ocrx_word' id='word_1_71' title='bbox 617 1079 760 1125; x_wconf 80' lang='grc' dir='ltr'><strong><em>ὤφελον</em></strong></span> <span class='ocrx_word' id='word_1_72' title='bbox 778 1081 825 1115; x_wconf 75' lang='lat' dir='ltr'><strong><em>rb</em></strong></span> <span class='ocrx_word' id='word_1_73' title='bbox 895 1084 986 1115; x_wconf 85' lang='lat'>1414</span> <span class='ocrx_word' id='word_1_74' title='bbox 1013 1080 1268 1126; x_wconf 78' lang='grc' dir='ltr'><strong><em>φθινομένους</em></strong></span> <span class='ocrx_word' id='word_1_75' title='bbox 1288 1082 1317 1118; x_wconf 80' lang='lat' dir='ltr'><strong><em>S</em></strong></span> <span class='ocrx_word' id='word_1_76' title='bbox 1382 1087 1470 1117; x_wconf 84' lang='lat'>1415</span> <span class='ocrx_word' id='word_1_77' title='bbox 1499 1087 1556 1126; x_wconf 81' lang='grc' dir='ltr'><strong><em>ζεῦ</em></strong></span> <span class='ocrx_word' id='word_1_78' title='bbox 1578 1085 1613 1119; x_wconf 86' lang='grc' dir='ltr'><strong><em>Β</em></strong></span> 
     </span>
     <span class='ocr_line' id='line_1_14' title="bbox 87 1131 1565 1181; baseline 0.002 -12"><span class='ocrx_word' id='word_1_79' title='bbox 87 1145 176 1169; x_wconf 82' lang='lat' dir='ltr'>corr.</span> <span class='ocrx_word' id='word_1_80' title='bbox 206 1134 226 1169; x_wconf 90' lang='lat' dir='ltr'><strong><em>b</em></strong></span> <span class='ocrx_word' id='word_1_81' title='bbox 380 1136 470 1167; x_wconf 85' lang='grc'>1416</span> <span class='ocrx_word' id='word_1_82' title='bbox 506 1131 644 1168; x_wconf 83' lang='grc' dir='ltr'><strong><em>ἄελπτα</em></strong></span> <span class='ocrx_word' id='word_1_83' title='bbox 684 1132 865 1168; x_wconf 78' lang='lat' dir='ltr'>Stobaeus</span> <span class='ocrx_word' id='word_1_84' title='bbox 902 1133 936 1168; x_wconf 91' lang='lat' dir='ltr'><strong><em>fl.</em></strong></span> <span class='ocrx_word' id='word_1_85' title='bbox 961 1137 1039 1177; x_wconf 84' lang='lat'>111,</span> <span class='ocrx_word' id='word_1_86' title='bbox 1067 1139 1086 1169; x_wconf 87' lang='grc'>6</span> <span class='ocrx_word' id='word_1_87' title='bbox 1234 1140 1323 1171; x_wconf 89' lang='grc'>1418</span> <span class='ocrx_word' id='word_1_88' title='bbox 1363 1134 1443 1181; x_wconf 77' lang='grc' dir='ltr'><strong><em>εὗρε</em></strong></span> <span class='ocrx_word' id='word_1_89' title='bbox 1478 1137 1565 1172; x_wconf 85' lang='lat' dir='ltr'>libri</span> 
     </span>
     <span class='ocr_line' id='line_1_15' title="bbox 89 1183 1613 1234; baseline 0.003 -13"><span class='ocrx_word' id='word_1_90' title='bbox 89 1191 178 1222; x_wconf 82' lang='lat'>1419</span> <span class='ocrx_word' id='word_1_91' title='bbox 211 1184 296 1221; x_wconf 87' lang='grc' dir='ltr'><strong><em>τόδε</em></strong></span> <span class='ocrx_word' id='word_1_92' title='bbox 329 1185 400 1232; x_wconf 79' lang='lat' dir='ltr'><strong><em>Sa]</em></strong></span> <span class='ocrx_word' id='word_1_93' title='bbox 438 1183 523 1220; x_wconf 86' lang='grc' dir='ltr'><strong><em>τόδε</em></strong></span> <span class='ocrx_word' id='word_1_94' title='bbox 560 1185 601 1221; x_wconf 83' lang='grc' dir='ltr'><strong><em>τὸ</em></strong></span> <span class='ocrx_word' id='word_1_95' title='bbox 635 1198 661 1221; x_wconf 87' lang='lat' dir='ltr'><strong><em>r.</em></strong></span> <span class='ocrx_word' id='word_1_96' title='bbox 711 1185 750 1220; x_wconf 88' lang='lat' dir='ltr'><strong><em>in</em></strong></span> <span class='ocrx_word' id='word_1_97' title='bbox 789 1187 859 1221; x_wconf 89' lang='lat' dir='ltr'><strong><em>fine</em></strong></span> <span class='ocrx_word' id='word_1_98' title='bbox 897 1186 998 1228; x_wconf 83' lang='grc' dir='ltr'><strong><em>τέλος</em></strong></span> <span class='ocrx_word' id='word_1_99' title='bbox 1035 1186 1228 1232; x_wconf 86' lang='grc' dir='ltr'><strong><em>εὐριπίδου</em></strong></span> <span class='ocrx_word' id='word_1_100' title='bbox 1260 1188 1415 1234; x_wconf 83' lang='grc' dir='ltr'><strong><em>μηδείας</em></strong></span> <span class='ocrx_word' id='word_1_101' title='bbox 1439 1191 1476 1225; x_wconf 80' lang='grc' dir='ltr'><strong><em>Β</em></strong></span> <span class='ocrx_word' id='word_1_102' title='bbox 1512 1191 1613 1232; x_wconf 75' lang='grc' dir='ltr'><strong><em>τέλος</em></strong></span> 
     </span>
     <span class='ocr_line' id='line_1_16' title="bbox 87 1237 1610 1288; baseline 0.003 -13"><span class='ocrx_word' id='word_1_103' title='bbox 87 1238 241 1286; x_wconf 82' lang='grc' dir='ltr'><strong><em>μηδείας</em></strong></span> <span class='ocrx_word' id='word_1_104' title='bbox 272 1240 351 1275; x_wconf 85' lang='lat' dir='ltr'><strong><em>EL</em></strong></span> <span class='ocrx_word' id='word_1_105' title='bbox 405 1237 506 1279; x_wconf 83' lang='grc' dir='ltr'><strong><em>τέλος</em></strong></span> <span class='ocrx_word' id='word_1_106' title='bbox 549 1237 703 1284; x_wconf 84' lang='grc' dir='ltr'><strong><em>μηδείας</em></strong></span> <span class='ocrx_word' id='word_1_107' title='bbox 742 1238 935 1284; x_wconf 83' lang='grc' dir='ltr'><strong><em>εὐριπίδου</em></strong></span> <span class='ocrx_word' id='word_1_108' title='bbox 967 1252 990 1275; x_wconf 78' lang='grc' dir='ltr'><strong><em>(ι</em></strong></span> <span class='ocrx_word' id='word_1_109' title='bbox 1045 1252 1115 1276; x_wconf 88' lang='lat' dir='ltr'><strong><em>om.</em></strong></span> <span class='ocrx_word' id='word_1_110' title='bbox 1149 1242 1186 1276; x_wconf 91' lang='lat' dir='ltr'><strong><em>P</em></strong></span> <span class='ocrx_word' id='word_1_111' title='bbox 1231 1242 1482 1288; x_wconf 79' lang='lat' dir='ltr'>subscriptum</span> <span class='ocrx_word' id='word_1_112' title='bbox 1519 1244 1557 1278; x_wconf 88' lang='lat' dir='ltr'><strong><em>in</em></strong></span> <span class='ocrx_word' id='word_1_113' title='bbox 1589 1257 1610 1279; x_wconf 85' lang='lat' dir='ltr'><em>a</em></span> 
     </span>
     <span class='ocr_line' id='line_1_17' title="bbox 87 1291 1612 1341; baseline 0.003 -12"><span class='ocrx_word' id='word_1_114' title='bbox 87 1306 109 1329; x_wconf 78' lang='lat' dir='ltr'>a</span> <span class='ocrx_word' id='word_1_115' title='bbox 132 1305 230 1328; x_wconf 85' lang='lat' dir='ltr'><strong>man.</strong></span> <span class='ocrx_word' id='word_1_116' title='bbox 253 1297 290 1328; x_wconf 86' lang='lat'><strong><em>1:</em></strong></span> <span class='ocrx_word' id='word_1_117' title='bbox 316 1293 409 1337; x_wconf 85' lang='grc' dir='ltr'><strong><em>πρὸς</em></strong></span> <span class='ocrx_word' id='word_1_118' title='bbox 434 1292 600 1337; x_wconf 78' lang='grc' dir='ltr'><strong><em>διάφορα</em></strong></span> <span class='ocrx_word' id='word_1_119' title='bbox 625 1291 849 1338; x_wconf 81' lang='grc' dir='ltr'><strong><em>ἀντίγραφα.</em></strong></span> <span class='ocrx_word' id='word_1_120' title='bbox 901 1292 1091 1329; x_wconf 85' lang='grc' dir='ltr'><strong><em>διονυσίου</em></strong></span> <span class='ocrx_word' id='word_1_121' title='bbox 1118 1294 1321 1341; x_wconf 77' lang='grc' dir='ltr'><strong><em>ὁλοσχερές·</em></strong></span> <span class='ocrx_word' id='word_1_122' title='bbox 1348 1296 1411 1331; x_wconf 78' lang='grc' dir='ltr'><strong><em>καί</em></strong></span> <span class='ocrx_word' id='word_1_123' title='bbox 1437 1310 1520 1332; x_wconf 85' lang='grc' dir='ltr'><strong><em>τινα</em></strong></span> <span class='ocrx_word' id='word_1_124' title='bbox 1540 1304 1612 1333; x_wconf 88' lang='grc' dir='ltr'><strong><em>τῶν</em></strong></span> 
     </span>
     <span class='ocr_line' id='line_1_18' title="bbox 86 1345 1612 1395; baseline 0.003 -13"><span class='ocrx_word' id='word_1_125' title='bbox 86 1347 254 1392; x_wconf 81' lang='grc' dir='ltr'><strong><em>διδύμου.</em></strong></span> <span class='ocrx_word' id='word_1_126' title='bbox 306 1345 350 1381; x_wconf 83' lang='lat' dir='ltr'><strong><em>ef.</em></strong></span> <span class='ocrx_word' id='word_1_127' title='bbox 377 1345 444 1382; x_wconf 88' lang='lat' dir='ltr'><strong><em>Th.</em></strong></span> <span class='ocrx_word' id='word_1_128' title='bbox 471 1345 651 1380; x_wconf 77' lang='lat' dir='ltr'>Barthold</span> <span class='ocrx_word' id='word_1_129' title='bbox 684 1346 729 1380; x_wconf 88' lang='lat' dir='ltr'><strong><em>de</em></strong></span> <span class='ocrx_word' id='word_1_130' title='bbox 761 1346 930 1382; x_wconf 81' lang='lat' dir='ltr'>scholior.</span> <span class='ocrx_word' id='word_1_131' title='bbox 964 1347 1002 1381; x_wconf 89' lang='lat' dir='ltr'><strong><em>in</em></strong></span> <span class='ocrx_word' id='word_1_132' title='bbox 1034 1347 1159 1393; x_wconf 87' lang='lat' dir='ltr'>Eurip.</span> <span class='ocrx_word' id='word_1_133' title='bbox 1188 1351 1298 1384; x_wconf 83' lang='lat' dir='ltr'>veter.</span> <span class='ocrx_word' id='word_1_134' title='bbox 1326 1349 1416 1385; x_wconf 70' lang='lat' dir='ltr'>fonb.</span> <span class='ocrx_word' id='word_1_135' title='bbox 1447 1351 1612 1395; x_wconf 83' lang='lat' dir='ltr'>(Bonnae</span> 
     </span>
     <span class='ocr_line' id='line_1_19' title="bbox 88 1398 1612 1448; baseline 0.003 -13"><span class='ocrx_word' id='word_1_136' title='bbox 88 1402 194 1445; x_wconf 79' lang='lat'>1864)</span> <span class='ocrx_word' id='word_1_137' title='bbox 218 1412 254 1445; x_wconf 86' lang='lat' dir='ltr'><strong><em>p.</em></strong></span> <span class='ocrx_word' id='word_1_138' title='bbox 275 1403 320 1434; x_wconf 89' lang='lat'><strong><em>30</em></strong></span> <span class='ocrx_word' id='word_1_139' title='bbox 335 1411 405 1444; x_wconf 90' lang='lat' dir='ltr'>sq.‚</span> <span class='ocrx_word' id='word_1_140' title='bbox 438 1399 503 1444; x_wconf 87' lang='lat' dir='ltr'><strong><em>qui</em></strong></span> <span class='ocrx_word' id='word_1_141' title='bbox 529 1399 668 1434; x_wconf 75' lang='lat' dir='ltr'>collata</span> <span class='ocrx_word' id='word_1_142' title='bbox 693 1398 846 1435; x_wconf 79' lang='lat' dir='ltr'>Orestae</span> <span class='ocrx_word' id='word_1_143' title='bbox 873 1400 1164 1446; x_wconf 78' lang='lat' dir='ltr'>subscriptione:</span> <span class='ocrx_word' id='word_1_144' title='bbox 1202 1402 1294 1446; x_wconf 82' lang='grc' dir='ltr'><strong><em>πρὸς</em></strong></span> <span class='ocrx_word' id='word_1_145' title='bbox 1319 1403 1485 1448; x_wconf 74' lang='grc' dir='ltr'><strong><em>διάφορα</em></strong></span> <span class='ocrx_word' id='word_1_146' title='bbox 1511 1403 1612 1439; x_wconf 79' lang='grc' dir='ltr'><strong><em>ἀντί-</em></strong></span> 
     </span>
     <span class='ocr_line' id='line_1_20' title="bbox 87 1450 1611 1502; baseline 0.004 -15"><span class='ocrx_word' id='word_1_147' title='bbox 87 1465 231 1500; x_wconf 83' lang='grc' dir='ltr'><strong><em>γραφα·</em></strong></span> <span class='ocrx_word' id='word_1_148' title='bbox 270 1450 577 1498; x_wconf 76' lang='grc' dir='ltr'><strong><em>παραγέγραπται</em></strong></span> <span class='ocrx_word' id='word_1_149' title='bbox 617 1452 656 1487; x_wconf 79' lang='grc' dir='ltr'><strong><em>ἐκ</em></strong></span> <span class='ocrx_word' id='word_1_150' title='bbox 694 1458 758 1488; x_wconf 86' lang='grc' dir='ltr'><strong><em>τοῦ</em></strong></span> <span class='ocrx_word' id='word_1_151' title='bbox 791 1452 992 1489; x_wconf 85' lang='grc' dir='ltr'><strong><em>Διονυσίου</em></strong></span> <span class='ocrx_word' id='word_1_152' title='bbox 1026 1454 1289 1499; x_wconf 85' lang='grc' dir='ltr'><strong><em>ὑπομνήματος</em></strong></span> <span class='ocrx_word' id='word_1_153' title='bbox 1320 1455 1519 1502; x_wconf 81' lang='grc' dir='ltr'><strong><em>ὁλοσχερῶς</em></strong></span> <span class='ocrx_word' id='word_1_154' title='bbox 1549 1459 1611 1492; x_wconf 80' lang='grc' dir='ltr'><strong><em>καὶ</em></strong></span> 
     </span>
     <span class='ocr_line' id='line_1_21' title="bbox 86 1505 1610 1555; baseline 0.002 -13"><span class='ocrx_word' id='word_1_155' title='bbox 86 1513 159 1542; x_wconf 86' lang='grc' dir='ltr'><strong><em>τῶν</em></strong></span> <span class='ocrx_word' id='word_1_156' title='bbox 183 1512 322 1552; x_wconf 82' lang='grc' dir='ltr'><strong><em>μικτῶν</em></strong></span> <span class='ocrx_word' id='word_1_157' title='bbox 347 1508 544 1550; x_wconf 77' lang='lat' dir='ltr'>utramque</span> <span class='ocrx_word' id='word_1_158' title='bbox 571 1505 623 1541; x_wconf 82' lang='lat' dir='ltr'><strong><em>sie</em></strong></span> <span class='ocrx_word' id='word_1_159' title='bbox 649 1506 906 1552; x_wconf 77' lang='lat' dir='ltr'>corrigendam</span> <span class='ocrx_word' id='word_1_160' title='bbox 932 1517 1010 1542; x_wconf 86' lang='lat' dir='ltr'>esse</span> <span class='ocrx_word' id='word_1_161' title='bbox 1035 1509 1160 1553; x_wconf 75' lang='lat' dir='ltr'>putat:</span> <span class='ocrx_word' id='word_1_162' title='bbox 1199 1509 1291 1553; x_wconf 80' lang='grc' dir='ltr'><strong><em>πρὸς</em></strong></span> <span class='ocrx_word' id='word_1_163' title='bbox 1316 1509 1482 1555; x_wconf 81' lang='grc' dir='ltr'><strong><em>διάφορα</em></strong></span> <span class='ocrx_word' id='word_1_164' title='bbox 1509 1509 1610 1545; x_wconf 81' lang='grc' dir='ltr'><strong><em>ἀντί-</em></strong></span> 
     </span>
     <span class='ocr_line' id='line_1_22' title="bbox 86 1558 1612 1607; baseline 0.004 -14"><span class='ocrx_word' id='word_1_165' title='bbox 86 1572 229 1606; x_wconf 79' lang='grc' dir='ltr'><strong><em>γραφα·</em></strong></span> <span class='ocrx_word' id='word_1_166' title='bbox 262 1558 568 1606; x_wconf 73' lang='grc' dir='ltr'><strong><em>παραγέγραπται</em></strong></span> <span class='ocrx_word' id='word_1_167' title='bbox 595 1558 795 1595; x_wconf 86' lang='grc' dir='ltr'><strong><em>Διονυσίου</em></strong></span> <span class='ocrx_word' id='word_1_168' title='bbox 828 1559 1026 1606; x_wconf 76' lang='grc' dir='ltr'><strong><em>ὑπόμνημα</em></strong></span> <span class='ocrx_word' id='word_1_169' title='bbox 1059 1561 1246 1607; x_wconf 79' lang='grc' dir='ltr'><strong><em>ὁλοσχερὲς</em></strong></span> <span class='ocrx_word' id='word_1_170' title='bbox 1277 1561 1339 1597; x_wconf 85' lang='grc' dir='ltr'><strong><em>καί</em></strong></span> <span class='ocrx_word' id='word_1_171' title='bbox 1364 1576 1448 1599; x_wconf 86' lang='grc' dir='ltr'><strong><em>τινα</em></strong></span> <span class='ocrx_word' id='word_1_172' title='bbox 1474 1563 1513 1598; x_wconf 82' lang='grc' dir='ltr'><strong><em>ἐκ</em></strong></span> <span class='ocrx_word' id='word_1_173' title='bbox 1538 1570 1612 1599; x_wconf 86' lang='grc' dir='ltr'><strong><em>τῶν</em></strong></span> 
     </span>
     <span class='ocr_line' id='line_1_23' title="bbox 88 1614 615 1658; baseline -0.002 -9"><span class='ocrx_word' id='word_1_174' title='bbox 88 1614 256 1658; x_wconf 79' lang='grc' dir='ltr'><strong><em>Διδύμου</em></strong></span> <span class='ocrx_word' id='word_1_175' title='bbox 282 1614 344 1648; x_wconf 79' lang='grc' dir='ltr'><strong><em>καὶ</em></strong></span> <span class='ocrx_word' id='word_1_176' title='bbox 371 1620 444 1648; x_wconf 85' lang='grc' dir='ltr'><strong><em>τῶν</em></strong></span> <span class='ocrx_word' id='word_1_177' title='bbox 469 1619 615 1657; x_wconf 84' lang='grc' dir='ltr'><strong><em>μικτῶν.</em></strong></span> 
     </span>
    </p>
   </div>
  </div>
 </body>
</html>
