1929 3208
252 180 296 218 ιι
879 180 1145 211 mmmm*

281 291 361 326 ΧΗ.
426 285 493 327 καὶ
530 287 616 340 μὴν
645 284 880 335 Ὀδυσσεὺς
913 288 1080 341 ἔρχεται
1113 288 1284 341 σπουδῇ
1317 287 1473 335 ποδός,

420 356 602 410 Ἑκάβη,
638 357 738 399 νέον
771 374 809 398 τι
842 357 950 412 πρὸς
982 355 1029 399 σε
1063 364 1272 412 σημανῶν
1305 359 1418 407 ἔπος.

876 535 1149 568 ΟΔΤΣΣΕΥΣ.

429 607 579 660 γύναι,
615 608 730 648 δοκῶ
763 606 844 661 μέν
877 604 916 648 σ’
949 607 1113 649 εἰδέναι
1145 607 1326 661 γνώμην
1358 612 1548 660 στρατοῦ

431 680 580 731 ψῆφόν
612 694 656 719 τε
689 679 769 731 τὴν
801 683 1092 733 κρανθεῖσαν·
1127 676 1222 720 ἀλλ’
1257 678 1373 733 ὅμως
1405 678 1574 732 φράσω.

427 747 539 800 ἔδοξ’
574 745 761 804 Ἀχαιοῖς
794 752 927 792 παῖδα
960 751 1043 805 σὴν
1079 749 1337 804 Πολυξένην
1708 762 1776 791 220

429 822 591 874 σφάξαι
623 822 731 875 πρὸς
764 821 905 875 ὀρθὸν
939 820 1045 876 χῶμ’
1078 818 1319 878 Ἀχιλλείου
1351 822 1507 875 τάφου.

429 892 541 947 ἡμᾶς
573 890 620 934 δὲ
653 895 853 947 πομποὺς
884 892 955 935 καὶ
988 900 1251 948 κομιστῆρας
1283 895 1415 948 κόρης

428 965 669 1006 τάσσουσιν
702 961 832 1006 εἶναι·
866 965 1065 1019 θύματος
1098 962 1136 1006 δ’
1169 963 1399 1018 ἐπιστάτης

431 1036 572 1088 ιἐρεύς
604 1033 638 1076 τ’
673 1034 848 1077 ἐπέσται
880 1037 1009 1078 τοῦδε
1042 1043 1143 1085 παῖς
1172 1034 1408 1090 Ἀχιλλέως.

431 1103 551 1148 οἷσθ’
582 1103 664 1148 οὖν
698 1107 720 1149 ὃ
755 1108 940 1161 δρᾶσον;
975 1105 1073 1162 μήτ’
1105 1107 1395 1162 ἀποσπασθῇς
1426 1108 1500 1163 βίᾳ
1710 1117 1776 1147 225

431 1177 528 1232 μήτ’
560 1177 603 1227 ἐς
635 1185 776 1233 χερῶν
808 1178 995 1233 ἅμιλλαν
1027 1177 1208 1233 ἐξέλθῃς
1241 1178 1356 1233 ε’μοί·

433 1250 649 1303 γίγνωσκε
683 1248 722 1291 δ’
755 1249 895 1304 ἀλκὴν
923 1247 995 1291 καὶ
1027 1251 1276 1302 παρουσίαν
1307 1257 1452 1291 κακῶν

432 1327 521 1362 τῶν
554 1327 656 1362 σῶν.
719 1322 863 1374 σοφόν
894 1336 962 1362 τοι
994 1320 1078 1362 κᾶν
1109 1328 1259 1370 κακοῖς
1291 1320 1317 1361 ἃ
1350 1321 1419 1362 δεῖ
1448 1325 1644 1375 φρονεῖν.

283 1394 370 1433 ΕΚ.
434 1392 545 1433 αἰαῖ·
578 1387 833 1447 παρε’στηχ’,
868 1392 926 1442 ὡς
958 1390 1082 1445 ἔοικ’,
1115 1391 1236 1446 ἀγὼν
1267 1390 1419 1446 μέγας,

429 1465 597 1518 πλήρης
629 1471 886 1518 στεναγμῶν
919 1461 1024 1506 οὐδὲ
1051 1464 1257 1517 δακρύων
1286 1465 1423 1513 κενός.
1711 1473 1779 1504 230

433 1534 551 1589 κάγὼ
583 1536 666 1590 γὰρ
700 1535 781 1577 οὐκ
814 1537 1038 1591 ἔθνῃσκον
1072 1532 1125 1577 οὗ
1157 1551 1208 1590 με
1240 1540 1351 1591 χρῆν
1382 1539 1562 1587 θανεῖν,

432 1604 528 1648 οὐδ’
561 1605 724 1648 ὥλεσέν
757 1622 807 1660 με
842 1606 972 1660 Ζεύς,
1004 1604 1156 1661 τρέφει
1190 1604 1249 1659 δ’,
1282 1605 1399 1655 ὅπως
1431 1605 1518 1660 ὁρῶ

434 1685 580 1720 κακῶν
612 1675 707 1719 κάκ’
738 1678 849 1719 ἄλλα
881 1676 1040 1732 μείζον’
1071 1677 1097 1731 ἡ
1129 1675 1298 1719 τάλαιν’
1331 1676 1427 1730 ἐγώ.

435 1750 475 1791 εἰ
506 1747 545 1790 δ’
578 1751 668 1791 ε”στι
700 1756 793 1799 τοῖς
825 1749 1026 1791 δούλοισι
1058 1750 1161 1798 τοὺς
1193 1747 1458 1803 ἐλευθέρους

433 1821 490 1874 μὴ
524 1821 667 1875 λυπρὰ
699 1818 809 1874 μηδὲ
841 1821 1024 1874 καρδίας
1057 1821 1267 1874 δηκτήρια
1712 1829 1779 1859 235

435 1892 731 1946 ἐξιστορῆσαι,
765 1890 836 1933 σοὶ
867 1889 948 1946 μὲν
980 1892 1185 1945 εἰρῆσθαι
1217 1891 1379 1946 χρεών,

433 1962 545 2017 ἡμᾶς
577 1961 617 2004 δ’
649 1962 835 2005 ἀκοῦσαι
866 1964 970 2013 τοὺς
1001 1962 1255 2015 ἐρωτῶντας
1285 1963 1400 2004 τάδε.

283 2037 375 2076 ΟΔ.
435 2030 587 2088 ἔξεστ’,
622 2033 777 2087 ἐρώτα·
810 2040 890 2076 τοῦ
921 2036 1087 2088 χρόνου
1118 2035 1201 2088 γὰρ
1234 2034 1287 2076 οὐ
1320 2038 1493 2088 φθονῶ.

280 2107 372 2146 ΕΚ.
437 2102 555 2147 οἷσθ’
588 2102 704 2159 ἡνίκ’
733 2103 868 2159 ἦλθες
894 2103 1030 2147 Ἰλίου
1062 2105 1354 2159 κατάσκοπος,

435 2178 697 2233 δυσχλαινία
729 2173 768 2218 τ’
798 2177 1016 2231 ἄμορφος,
1050 2177 1255 2231 ὀμμάτων
1286 2173 1327 2218 τ’
1358 2177 1443 2218 ἄπο
1713 2185 1781 2216 240

433 2249 579 2302 φόνου
612 2246 853 2303 σταλαγμοὶ
885 2249 968 2302 σὴν
1000 2248 1260 2299 κατέσταζον
1292 2246 1449 2301 γε’νυν;

376 2427 442 2457 216
470 2425 548 2458 XO.
583 2435 651 2459 om.
686 2425 726 2459 E
846 2429 913 2459 224
940 2424 1038 2469 ἱρεύς
1065 2425 1104 2458 Ε
1135 2426 1139 2470 Ι
1175 2423 1322 2458 ἐπέσται
1354 2423 1503 2469 Nauck]
1537 2423 1667 2467 ἐπέστη
1694 2422 1781 2456 libri

328 2480 395 2510 225
423 2478 564 2520 δρᾶσον
597 2479 662 2522 (εις
688 2490 765 2523 sup.
795 2491 838 2513 ov
865 2489 930 2513 scr.
958 2491 1004 2513 m.
1028 2480 1060 2522 1)
1088 2478 1122 2512 A
1149 2479 1287 2521 δρᾶσον
1311 2477 1343 2511 (r'
1370 2476 1519 2520 δράσεις
1544 2477 1623 2511 EL
1649 2476 1781 2511 schoL:

256 2529 301 2564 τὰ
327 2529 422 2564 καλὰ
448 2537 521 2565 τῶν
547 2531 790 2576 ἀντιγράφων
816 2534 986 2575 δρᾶσον
1013 2532 1084 2577 ἔχει
1108 2532 1112 2577 l
1135 2530 1354 2575 ἀποσπάσης
1377 2531 1410 2564 L
1496 2534 1563 2564 226
1590 2536 1722 2575 χειρῶν
1748 2529 1782 2563 L

327 2587 393 2617 227
421 2581 599 2628 γίγνωσκ’
629 2584 798 2630 ἀνάγκην
824 2585 1048 2619 Herwerden
1071 2587 1074 2629 Ι
1097 2591 1222 2619 κακῶν
1248 2583 1458 2629 παρουσίαν
1484 2585 1518 2619 L
1616 2586 1683 2617 228
1709 2583 1781 2628 τοι]

256 2668 290 2689 τι
317 2655 396 2689 EL
429 2666 512 2689 cum
539 2655 674 2690 orione
708 2656 808 2691 anth.
835 2656 868 2699 1,
889 2660 910 2690 4
1032 2660 1100 2690 229
1127 2654 1169 2690 αἱ
1199 2653 1242 2690 αῖ
1264 2657 1300 2690 A
1332 2641 1375 2691 a}
1397 2641 1440 2691 a}
1463 2656 1502 2691 E
1531 2654 1575 2690 αι’
1603 2654 1646 2689 αὶ*
1668 2654 1747 2689 LG
1775 2653 1779 2699 ι

258 2707 354 2743 εὀικε
380 2710 416 2744 A
443 2709 562 2744 ἔοικεν
588 2709 623 2743 L
720 2713 786 2744 231
814 2707 951 2755 κᾶγωγ’
979 2708 1038 2753 ἄρ’
1069 2710 1107 2744 L.
1128 2709 1291 2744 Dindorf
1316 2712 1319 2755 Ι
1349 2710 1559 2755 ἔθνησ*κον
1584 2710 1620 2744 A
1647 2708 1783 2752 (fuerat

256 2761 381 2806 potius
408 2762 647 2807 ἔθνηισκονῗ)
671 2765 674 2805 Ι
697 2775 740 2807 με
765 2768 858 2808 χρῆν
884 2763 971 2808 rec]
998 2761 1034 2807 μ’
1061 2763 1170 2809 ἐχρῆν
1195 2765 1337 2798 veteres
1357 2763 1445 2797 libri
1466 2763 1522 2808 (οὑ
1542 2763 1582 2807 μ’
1603 2762 1712 2808 ἐχρὴν
1732 2761 1781 2806 Α)

331 2819 396 2849 232
425 2815 533 2850 ὤλεσε
562 2816 595 2850 G
699 2820 766 2850 239
796 2815 905 2861 ἡνίκα
931 2818 967 2851 A
1072 2820 1140 2851 240
1165 2829 1357 2862 ταμορφο*
1379 2818 1413 2851 Α
1438 2814 1471 2851 τ’
1502 2816 1671 2861 ἄμορφος
1698 2816 1753 2850 A‘2
1775 2816 1778 2861 Ι

259 2867 341 2903 fort.
376 2870 630 2914 δυσχλαινιάις
661 2870 774 2914 (quod
807 2870 1000 2915 proposuit
1032 2870 1184 2916 Porson)
1218 2870 1402 2915 ἄμορφος,
1441 2869 1614 2915 ὀμμάτων
1640 2867 1676 2904 δ’
1709 2871 1713 2914 Ι
1744 2867 1776 2903 τ’

258 2924 359 2967 (ante
387 2922 475 2967 ἄπο)
503 2934 581 2967 sup.
610 2934 699 2958 vers.
728 2923 813 2959 add.
840 2924 893 2958 Al
919 2935 987 2958 om.
1016 2924 1055 2957 E
1079 2922 1114 2958 δ’
1140 2924 1174 2958 L
