1929 3208
843 160 1069 192 HAEKTPA
1663 158 1718 199 35

374 265 491 322 φέρ’,
523 261 594 308 οἷα
627 267 680 321 δὴ
701 266 786 322 ”χω
818 265 890 309 καὶ
923 268 1052 322 δόμοι
1083 267 1303 309 κεύθουσί
1329 282 1415 322 μου
1654 278 1720 308 87«)
1774 312 1777 316 ,

373 339 510 393 κόμης
541 336 751 392 ἀγάλματ’
789 336 1092 393 ἐξενέγκωμαι,
1124 340 1265 393 φίλαι,

377 408 521 459 στέψω
554 408 594 450 τ’
624 409 821 465 ἀδελφοῦ
851 415 986 465 κρᾶτα
1018 415 1097 452 τοῦ
1128 411 1390 464 νικηφόρου.

221 518 312 557 ΧΟ.
374 517 430 557 σὺ
461 515 542 570 μέν
573 531 659 558 νυν
691 513 899 570 ἀγάλματ’
931 516 1048 569 ἄειρε
1496 515 1662 556 antistr.

375 588 521 640 κρατί·
553 587 602 628 τὸ
636 583 676 628 δ’
706 585 918 641 ἁμέτερον

373 659 615 712 χωρήσεται
648 657 876 699 Μούσαισι
908 657 1100 711 χόρευμα
1132 658 1276 711 φίλον.
1653 669 1720 698 ›575

375 734 460 770 νῦν
493 728 539 769 οἱ
565 728 704 780 πάρος
735 725 943 781 ἁμετέρας

375 800 501 852 γαιάς
532 799 882 852 τυραννεύσουσι
914 800 1037 852 φίλοι
1069 800 1266 853 βασιλῆς,

375 870 552 918 δικαίως
582 869 686 918 τοὺς
717 868 899 918 ἀδίκους
929 871 1206 919 καθελόντες.

375 938 469 982 ἀλλ’
502 943 578 982 ἴτω
611 939 828 990 ξύναυλος
858 941 942 994 βοὰ
972 946 1097 997 χαρᾷ.

216 1049 315 1088 ΗΛ.
378 1043 412 1088 ὦ
444 1048 680 1100 καλλίνικε,
711 1047 874 1101 πατρὸς
906 1046 952 1088 ἐκ
982 1048 1230 1102 νικηφόρου
1653 1060 1721 1090 880

373 1119 525 1172 γεγώς,
553 1113 742 1172 Ὀρέστα,
775 1123 851 1172 τῆς
883 1115 955 1159 ὑπ’
984 1113 1096 1175 Ἰλίῳ
1129 1118 1281 1173 μάχης,

375 1187 495 1239 δέξαι
526 1190 664 1243 κόμης
695 1195 772 1242 σῆς
803 1189 1062 1244 βοστρύχων
1093 1189 1332 1244 ἀνδήματα.

375 1260 494 1313 ἥκεις
524 1260 608 1315 γὰρ
641 1259 722 1301 οὐκ
753 1259 931 1314 ἀχρεῖον
963 1258 1211 1315 ἔκπλεθρον
1244 1261 1425 1315 δραμὼν

376 1327 509 1384 ἀγῶν’
540 1330 583 1380 ἐς
614 1334 778 1384 οἴκους,
809 1329 919 1372 ἀλλὰ
950 1329 1162 1385 πολέμιον
1194 1332 1367 1373 κτανὼν

378 1403 635 1454 [Αἴγισθον,
669 1401 717 1450 ὃς
749 1402 829 1443 σὸν
860 1400 1024 1456 πατέρα
1056 1402 1197 1456 κάμὸν
1230 1403 1394 1456 ὤλεσε]
1654 1415 1721 1444 885

376 1473 431 1513 σύ
463 1470 517 1525 τ’,
551 1468 584 1513 ὦ
616 1471 896 1526 παρασπίστ’,
929 1472 1091 1526 ἀνδρὸς
1122 1473 1438 1528 εὐσεβεστάτου

375 1543 594 1597 παίδευμα
627 1543 828 1597 Πυλάδη,
861 1542 1081 1599 στέφανον
1113 1543 1156 1594 ἐξ
1189 1543 1292 1599 ἐμῆς
1323 1545 1449 1600 χερὸς

377 1612 526 1669 δέχου·
559 1613 672 1668 φέρῃ
703 1614 787 1669 γὰρ
819 1613 890 1655 καὶ
923 1616 978 1656 σὺ
1009 1613 1114 1671 τῷδ’
1146 1619 1245 1657 ἴσον
1276 1615 1408 1670 μέρος

377 1683 566 1738 ἀγῶνος·
601 1683 686 1726 αἰεὶ
718 1683 758 1726 δ’
795 1684 990 1740 εὐτυχεῖς
1022 1686 1265 1739 φαίνοισθέ
1293 1703 1380 1741 μοι.

846 1839 1081 1872 ΟΡΕΣΤΗΣ.

376 1911 512 1960 θεοὺς
543 1907 623 1964 μὲν
655 1909 768 1964 ἡγοῦ
799 1917 989 1964 πρῶτον,
1017 1909 1243 1966 Ἠλέκτρα,
1275 1912 1409 1967 τύχης
1653 1924 1723 1954 890

376 1979 616 2036 ἀρχηγέτας
647 1978 790 2035 τῆσδ’,
825 1978 916 2023 εἶτα
947 1980 1046 2036 κᾶμ’
1085 1981 1320 2025 ἐπαίνεσον

375 2052 454 2093 τὸν
486 2059 574 2093 τῶν
604 2055 726 2094 θεῶν
758 2067 803 2093 τε
834 2058 911 2106 τῆς
942 2053 1073 2108 τύχης
1104 2049 1153 2095 θ’
1181 2053 1414 2108 ὑπηρέτην.

377 2122 467 2175 ἥκω
499 2123 583 2177 γὰρ
617 2122 671 2165 οὐ
702 2125 903 2177 λόγοισιν
935 2122 1030 2165 ἀλλ’
1068 2125 1212 2178 ε”ργοις
1243 2126 1415 2166 κτανὼν

376 2196 617 2247 Αἴγισθον·
650 2194 708 2243 ὡς
741 2193 793 2236 δέ
819 2210 880 2251 τῳ
913 2193 1013 2250 σάφ’
1052 2193 1216 2237 εἰδέναι
1247 2196 1351 2238 τάδε

375 2268 630 2320 προθῶμεν,
663 2264 799 2307 αὐτὸν
830 2266 908 2307 τὸν
938 2267 1137 2308 θανόντα
1170 2277 1242 2309 σοι
1271 2266 1408 2323 φέρω,
1654 2278 1722 2309 895

296 2424 364 2455 870
390 2419 478 2465 φέρε
504 2422 550 2466 L,
577 2421 660 2467 φέρ’
686 2423 740 2458 lG
764 2425 767 2468 Ι
791 2423 836 2468 δὴ
856 2420 942 2469 ”χω]
969 2423 1115 2467 canter,
1142 2423 1188 2468 δὴ
1210 2422 1277 2469 ’γὼ
1297 2424 1376 2459 LG
1473 2428 1539 2460 87⁶2
1566 2424 1723 2468 νικαφό-

201 2485 268 2515 ρου
293 2473 339 2516 L,
365 2473 572 2519 νικηφόρου
598 2475 653 2510 {G
732 2479 799 2510 873
826 2475 892 2520 μὲν
919 2481 988 2511 νῦν
1013 2477 1104 2521 LG,
1130 2475 1196 2521 μέν
1222 2491 1302 2521 νυν,
1328 2488 1506 2522 superscr.
1534 2478 1591 2522 δὴ,
1618 2478 1630 2511 Ζ

202 2529 270 2558 876
296 2525 486 2573 ἁμετέρας]
514 2528 655 2573 scripsi,
682 2528 859 2573 ἁμέτερον
884 2530 963 2564 LG
1036 2534 1103 2564 877
1130 2531 1440 2574 τυραννεύσουσιν
1454 2531 1500 2574 L,
1526 2531 1724 2573 τυραννεύ-

201 2589 303 2612 σουσι
327 2578 371 2622 G,
390 2581 655 2623 τυραννεύουσι
675 2582 952 2617 Rauchenstein
974 2585 978 2627 Ι
1001 2583 1168 2630 βασιλῆς]
1188 2583 1342 2627 Seidler,
1362 2584 1532 2629 βασιλῆες
1551 2583 1629 2618 LG

201 2633 269 2664 878
289 2631 390 2676 τοὺς]
409 2631 605 2677 Matthiae,
631 2633 758 2668 τούσδ’
783 2634 861 2669 LG
884 2637 888 2680 Ι
911 2633 1048 2676 ἀδίκως
1068 2637 1120 2679 L,
1146 2634 1300 2676 ἀδίκους
1319 2636 1374 2670 lG-
1442 2639 1507 2670 881
1530 2638 1723 2681 suspectus

296 2686 363 2717 882
385 2683 597 2731 ἀνδήματα]
617 2685 823 2730 ΒΙοωΗΘΙᾶ,
849 2688 1072 2732 ἀναδήματα
1092 2688 1171 2723 LG
1244 2692 1312 2723 883
1333 2688 1554 2735 ἔκπλεθρον]
1575 2689 1723 2733 Reiske,

201 2735 407 2778 ἔκπλεθρον
434 2736 511 2771 LG
627 2741 694 2772 884
722 2735 759 2778 ἐς
785 2739 818 2774 G
845 2742 882 2774 et
907 2739 947 2774 in
972 2752 1042 2775 ras.
1071 2742 1083 2774 I
1191 2745 1259 2775 885
1286 2741 1416 2776 delevi.
1463 2741 1532 2776 Cfr.
1561 2746 1629 2777 970

204 2791 270 2822 887
297 2787 500 2836 παίδευμα]
527 2789 609 2826 fort.
637 2789 777 2835 φίτυμα
887 2797 953 2827 889
980 2794 1038 2828 ἀεὶ
1064 2795 1116 2837 L,
1148 2794 1221 2828 αἰεὶ
1248 2794 1302 2829 {G
1336 2795 1341 2839 Ι
1383 2805 1504 2829 versus
1531 2797 1722 2840 suspectus

296 2845 364 2876 890
393 2844 463 2877 ΟΡ.
493 2853 536 2876 ex
562 2843 604 2887 ἠλ
630 2854 719 2877 eorr.
747 2844 954 2880 rubricator
978 2845 1016 2880 in
1044 2848 1076 2881 G
1198 2850 1266 2881 894
1292 2848 1356 2893 τῳ]
1383 2847 1536 2892 Ramnes,
1569 2851 1619 2895 τῷ
1645 2848 1721 2884 LG

296 2898 364 2929 895
396 2897 612 2942 προθῶμεν]
639 2896 788 2940 Barnes,
814 2900 1037 2942 προσθῶμεν
1062 2901 1133 2934 La
