1929 3208
852 162 937 196 ΙΩΝ
1601 163 1653 204 21

342 270 538 322 λαβοῦσα
569 271 755 323 κλῶνας,
788 268 1021 319 εὐτέκνους
1052 271 1185 325 εὔχου
1217 274 1342 320 θεοῖς

340 340 564 395 χρησμούς
595 339 640 395 μ’
678 339 872 394 ἐνεγκεῖν
905 340 947 392 ἐξ
979 339 1250 391 ’Λπόλλωνος
1283 342 1446 396 δόμων.

128 413 215 452 ΚΡ.
343 412 463 452 ἔσται
494 407 591 452 τάδ’
628 413 758 453 ἔσται.
821 411 983 462 Λοξίας
1016 409 1056 453 δ”
1094 412 1171 454 ἐὰν
1202 412 1314 468 θέλῃ
1586 423 1654 453 425

346 487 430 523 νῦν
462 481 571 524 ἀλλὰ
602 484 678 533 τὰς
709 481 814 537 πρὶν
847 483 1084 537 ἀναλαβεῖν
1117 483 1341 539 ἁμαρτίας,

339 553 450 602 ἅπας
482 551 562 608 μὲν
595 554 649 595 οὐ
680 552 839 608 γένοιτ’
879 553 934 595 ἂν
965 555 1027 604 εἰς
1060 554 1172 608 ἡμᾶς
1204 556 1348 609 φίλος,

338 623 445 665 ὅσον
479 623 527 666 δὲ
558 623 722 680 χρῄζει’
754 625 860 674 θεὸς
891 625 974 679 γάρ
1007 624 1115 667 ἐστι·
1149 623 1341 679 δέξομαι.

126 695 254 734 ΙῼΝ.
340 696 386 736 τί
412 709 516 736 ποτε
547 696 748 748 λόγοισιν
779 695 805 748 ἡ
840 694 939 749 ξένη
971 696 1081 748 πρὸς
1111 696 1190 737 τὸν
1221 697 1332 737 θεὸν

336 772 595 820 κρυπτοῖσιν
627 764 711 808 αιέὶ
744 764 997 821 λοιδοροῦσ’
1035 767 1293 820 αἰνίσσεται,
1582 778 1653 808 430

338 837 434 891 ἤτοι
467 836 659 891 φιλοῦσά
690 835 734 890 γ’
768 834 818 891 ἧς
849 837 958 892 ὕπερ
991 837 1266 892 μαντεύεται,

339 907 365 961 ἢ
397 908 476 949 καί
502 923 542 949 τι
576 903 727 961 σιγῶσ’
764 904 826 949 ὧν
860 912 1112 950 σιωπᾶσθαι
1145 909 1306 963 χρεών;

337 978 444 1033 ἀτὰρ
479 979 701 1033 θυγατρὸς
731 984 806 1033 τῆς
833 977 1074 1034 Ἐρεχθέως
1105 982 1150 1021 τί
1177 995 1252 1034 μοι

337 1049 470 1104 μέλει,
503 1056 727 1104 προσῆκον
761 1049 914 1100 οὐδέν;
946 1050 1056 1092 ἀλλὰ
1087 1049 1291 1105 χρυσέαις

336 1122 568 1175 πρόχοισιν
600 1119 747 1162 ἐλθὼν
780 1122 840 1170 είς
872 1120 1204 1177 ἀπορραντήρια
1583 1133 1652 1163 435

337 1192 501 1245 δρόσον
532 1193 728 1245 καθήσω.
792 1191 1086 1245 νουθετητέος
1118 1191 1168 1234 δέ
1198 1208 1272 1247 μοι

345 1264 521 1316 Φοῖβος,
554 1264 600 1304 τί
626 1263 799 1317 πάσχει·
831 1263 1086 1318 παρθένους
1118 1265 1193 1320 βία
1224 1271 1377 1318 γαμῶν

337 1334 597 1387 προδίδωσι,
629 1334 765 1375 παῖδά
796 1332 833 1376 τ’
871 1334 1210 1389 ἐκτεκνούμενος
1242 1335 1388 1391 λάθρᾳ

335 1404 611 1460 θνῄσκοντος
643 1404 803 1459 ἀμελεῖ.
860 1406 916 1460 μὴ
950 1407 1005 1447 σύ
1037 1403 1101 1459 γ’·
1134 1405 1248 1459 ἀλλ’,
1282 1405 1372 1448 ἐπεὶ
1404 1414 1592 1461 κρατεῖς,

335 1476 490 1530 ἀρετὰς
523 1476 665 1518 δίωκε.
728 1475 799 1518 καὶ
830 1477 913 1530 γὰρ
947 1477 1065 1526 ὅστις
1097 1476 1151 1518 ἂν
1184 1479 1358 1531 βροτῶν
1580 1489 1650 1519 440

340 1548 471 1597 κακὸς
502 1548 693 1602 πεφύκῃ,
729 1550 958 1602 ζημιοῦσιν
991 1548 1036 1589 oc
1064 1550 1176 1590 θεοί.

334 1625 425 1667 πῶς
457 1614 539 1660 οὗν
572 1619 744 1661 δίκαιον
776 1620 880 1668 τοὺς
912 1620 1076 1673 νόμους
1107 1619 1219 1673 ὑμᾶς
1250 1621 1426 1673 βροτοῖς

340 1689 593 1743 γράψαντας
625 1689 785 1738 αὐτοὺς
817 1689 1007 1744 ἀνομίαν
1039 1689 1343 1744 ὀφλισκάνειν;

336 1761 375 1801 εί
406 1758 467 1801 δ’·
501 1759 554 1801 οὐ
587 1760 670 1815 γὰρ
704 1761 837 1813 ἔσται,
870 1766 929 1818 τῷ
963 1762 1079 1819 λόγω
1114 1759 1161 1802 δὲ
1193 1763 1428 1817 χρήσομαι·

337 1832 460 1880 δίκας
491 1833 649 1885 βιαίων
683 1827 835 1873 δώσετ’
872 1831 1129 1887 ἀνθρώποις
1160 1833 1328 1887 γάμων,
1581 1845 1649 1874 445

337 1903 391 1944 σὺ
424 1901 495 1944 καὶ
528 1903 762 1944 Ποσειδῶν
795 1903 906 1952 Ζεύς
936 1901 984 1944 θ’
1022 1903 1069 1952 ὃς
1101 1903 1297 1959 οὐρανοῦ
1329 1911 1490 1959 κρατεῖ,

334 1974 472 2022 ναοὺς
502 1974 698 2022 τίνοντες
730 1972 901 2023 ἀδικίας
933 1974 1154 2016 κενώσετε.

336 2043 411 2092 τὰς
442 2043 606 2097 ἡδονὰς
637 2044 719 2098 γὰρ
752 2050 827 2098 τῆς
858 2044 1111 2098 προμηθίας
1142 2045 1279 2100 πάρος

335 2115 597 2164 σπεύδοντες
629 2111 823 2156 ἀδικεῖτ’.
881 2113 1023 2157 οὐκέτ’
1060 2114 1330 2171 ἀνθρώπους
1361 2119 1522 2166 κακοὺς

216 2323 284 2354 429
311 2319 346 2354 οἱ
372 2311 470 2361 ξῖνοι
498 2320 542 2363 Ι),
567 2320 589 2364 ἡ
617 2318 701 2364 ξένη
724 2332 752 2365 1)
848 2324 914 2354 431
944 2319 978 2366 γ’
1008 2317 1067 2367 ἧς]
1095 2320 1294 2365 Victorius,
1321 2327 1388 2367 γῆς
1412 2323 1514 2366 ,ΕΡΙ
1538 2323 1647 2365 ὑπερ-

121 2372 340 2417 μαντεύεται
361 2373 438 2406 LP
508 2377 577 2407 434
597 2379 784 2418 προσῆκον
810 2371 938 2420 οὐδὲν]
958 2374 1179 2418 Wakefield,
1206 2375 1381 2419 προσήκει
1405 2373 1541 2415 τοῦδας
1560 2377 1647 2419 LP,

122 2424 284 2470 προσῆκέ
314 2424 350 2470 μ’
389 2424 505 2460 οὐθέν
531 2425 698 2461 „Iustinus
730 2426 838 2461 Maris.
873 2427 919 2461 de
950 2439 1047 2462 mon.
1075 2427 1090 2461 I
1114 2440 1148 2473 p.
1179 2432 1246 2462 128
1342 2432 1410 2463 435
1444 2427 1647 2473 πρόχουσιν

122 2480 208 2523 LP,
234 2477 426 2524 πρόχοισιν
448 2492 475 2524 2)
500 2481 537 2514 eh
556 2480 724 2515 Justinus
747 2481 751 2525 Ι
774 2480 857 2515 fort.
885 2480 922 2520 ἐς
946 2480 1236 2525 περιρραντήρια
1356 2484 1423 2515 438
1450 2480 1567 2515 παῖδά
1593 2480 1645 2527 τ’]

122 2531 253 2577 scripsi
267 2531 421 2576 (παῖδας
433 2531 464 2566 τ’
484 2532 707 2578 Musgrave)‚
727 2535 867 2574 παῖδας
881 2534 960 2568 LP
979 2537 984 2579 Ι
1007 2534 1290 2579 ἐκτεκνούμενος
1303 2534 1482 2577 Justinus,
1497 2535 1646 2570 τεκνού-

121 2598 230 2629 μενος
243 2585 322 2620 LP
391 2589 459 2619 439
479 2585 725 2633 θνῄσκοντος]
746 2587 812 2622 Th.
827 2587 941 2630 Kock‚
961 2586 1198 2631 θνήσκοντας
1214 2589 1293 2623 LP
1312 2589 1316 2632 Ι
1339 2586 1461 2631 ἀμέλει
1476 2587 1555 2622 LP

123 2642 190 2673 440
212 2636 259 2672 ἂν
273 2637 442 2671 Justinus
457 2640 493 2672 et
507 2637 608 2673 Stob.
625 2638 689 2673 eol.
705 2639 721 2672 Ι
735 2642 768 2683 3,
782 2643 814 2683 5,
829 2637 880 2675 ὢν
895 2641 974 2675 LP
1043 2645 1109 2675 441
1126 2641 1273 2686 πεφύκῃ
1288 2640 1467 2684 Justinus‚
1487 2640 1646 2684 πεφύκει

123 2691 202 2725 LP
314 2694 382 2724 443
415 2689 564 2731 ἀδικίας
595 2690 834 2735 ὀφλισκάνειν
865 2692 1033 2728 Justinus
1066 2695 1103 2728 et
1132 2693 1243 2728 Clem.
1269 2693 1373 2727 Alex,
1399 2695 1512 2738 protr.
1538 2705 1572 2738 p.
1600 2697 1644 2728 22

216 2747 284 2778 444
310 2746 358 2789 τῷ
389 2742 483 2790 λόγῳ
515 2743 555 2778 δὲ
587 2743 766 2789 χρήσομαι
793 2744 975 2791 Clemens,
1011 2750 1060 2793 τῷ
1093 2745 1185 2793 λόγῳ
1218 2745 1439 2791 κεχρήσομαι
1464 2746 1644 2791 Justinus,

122 2799 170 2843 τῷ
196 2798 310 2831 λοιπῶ
337 2795 377 2831 δὲ
404 2796 582 2841 χρήσομαι
603 2798 682 2832 LP
762 2802 830 2832 447
857 2797 1020 2839 τίνοντες
1046 2798 1195 2840 ἀδικίας
1213 2799 1382 2834 Justinus
1409 2801 1446 2834 et
1465 2799 1644 2844 Clemens,

122 2848 284 2890 τίνοντες
309 2848 344 2884 δ’
375 2848 523 2891 ἀδικίας
548 2851 628 2885 LP
721 2854 788 2884 448
815 2851 1051 2896 προμηθείας
1074 2851 1189 2896 πέρας
1213 2852 1399 2897 Justinus,
1427 2853 1524 2888 unde
1549 2851 1644 2898 πέρα

123 2902 333 2948 Conington
429 2907 496 2937 449
523 2904 660 2944 κακοὺς
685 2903 866 2948 Justinus,
891 2911 1012 2946 κακῶς
1037 2906 1116 2940 LP
