1929 3208
256 126 312 166 (30
891 129 1158 162 ΕΥΡΙΠΙΔΟΥ

423 231 596 287 “lcmqv'
636 233 678 283 ἐς
712 232 834 276 οἶκον
868 234 1051 289 ἠγόμην,
1085 236 1220 277 κακὸν
1253 236 1384 290 μέγα,

433 306 594 358 πατρός
626 321 670 346 τε
703 304 773 346 καὶ
808 311 885 359 γῆς
917 307 1130 358 προδότιν
1161 306 1187 360 ἥ
1221 305 1260 347 σ’
1297 306 1527 363 ἐθρέψατο.

434 377 509 417 τὸν
543 376 622 416 σὺν
656 371 696 416 δ’
733 375 938 430 ἀλάστορ’
975 377 1036 426 είς
1068 374 1132 431 ἔμ’
1170 378 1366 432 ἔσκηψαν
1398 381 1518 422 θεοί·

435 452 654 487 κτανοῦσα
687 447 769 500 γὰρ
804 448 857 501 δὴ
891 448 971 490 σὺν
1003 449 1132 490 κάσιν
1164 449 1416 505 παρέστιον,

434 518 479 557 τὸ
513 519 819 573 καλλίπρῳρον
852 517 1025 572 εἰσέβης
1052 515 1234 573 Ἀργοῦς
1266 521 1444 575 σκάφος.
1694 533 1782 563 13:35

433 589 548 641 Ιἤρξω
581 586 661 643 μὲν
694 589 739 630 ἐκ
772 591 976 639 τοιῶνδε,
1010 596 1318 644 νυμφευθεΐσα
1353 589 1400 633 δὲ

432 655 532 714 παρ’
569 658 700 712 ἀνδρὶ
732 662 842 717 τῷδε
875 659 946 702 καὶ
979 663 1164 703 τεκοῦσά
1197 679 1270 716 μοι
1302 662 1451 713 τέκνα,

432 730 563 785 εὐνῆς
594 730 711 773 ἕκατι
745 730 815 773 καὶ
849 731 1002 787 λέχους
1035 731 1111 788 σφ’
1150 733 1388 784 ἀπώλεσας.

433 801 514 843 οὐκ
547 804 665 844 ἔστιν
697 803 790 857 ἥτις
822 801 939 845 τοῦτ’
977 803 1032 845 ἂν
1057 801 1258 859 Ἑλληνὶς
1289 807 1402 860 γυνὴ

432 875 532 927 ἔτλη
565 872 690 926 ποθ’,
724 871 786 917 ὧν
819 891 866 928 γε
898 877 1098 929 πρόσθεν
1132 876 1284 930 ἠξίουν
1317 877 1401 930 ἐγὼ
1691 889 1780 920 1340

431 946 570 998 γῆμαί
598 955 666 997 σε,
701 947 833 1000 κῆὸος
867 945 1030 1000 ἐχθρὸν
1063 946 1273 1002 ὀλέθριόν
1306 947 1343 989 τ’
1379 948 1496 1003 ἐμοί,

430 1013 624 1067 λέαιναν,
659 1016 711 1057 οὐ
744 1024 952 1071 γυναῖκα,
984 1024 1060 1072 τῆς
1098 1020 1373 1072 Τυρσηνίδος

431 1087 635 1140 Σκύλλης
666 1089 855 1142 ἔχουσαν
888 1087 1159 1144 ἀγριωτέραν
1192 1089 1342 1143 φύσιν.

430 1154 523 1199 ἀλλ’
561 1159 614 1200 οὐ
647 1160 730 1213 γὰρ
763 1160 818 1201 ἄν
850 1171 897 1202 σε
930 1162 1105 1215 μυρίοις
1137 1161 1327 1203 ὀνείδεσι

433 1229 625 1284 δάκοιμι·
658 1229 824 1273 τοιόνδ’
861 1230 1084 1286 ἐμπέφυκέ
1115 1243 1185 1274 σοι
1217 1233 1399 1287 θράσος·
1690 1245 1779 1276 1345

430 1299 541 1354 ἔρρ’,
574 1300 829 1356 αίσχροποιὲ
861 1301 933 1344 καὶ
964 1301 1129 1345 τέκνων
1162 1305 1382 1358 μιαιφόνε.

431 1369 524 1425 ἐμοὶ
559 1370 607 1413 δὲ
640 1373 717 1414 τὸν
751 1373 857 1427 ἐμὸν
890 1372 1066 1428 δαίμον’
1101 1374 1265 1425 αι’άζειν
1296 1375 1433 1431 πάρα,

428 1441 475 1492 ὃς
507 1443 607 1484 οὔτε
641 1442 834 1498 λέκτρων
867 1445 1098 1500 νεογάμων
1130 1445 1366 1501 ὀνήσομαι,

429 1514 482 1556 οὐ
513 1515 672 1564 παῖδας
705 1515 782 1565 οὓς
813 1517 957 1570 ἔφυσα
988 1516 1329 1573 κάξεθρεψάμην

429 1584 509 1637 ἔξω
542 1594 798 1641 προσειπεῖν
832 1589 1013 1641 ζῶντας,
1047 1586 1139 1631 ἀλλ’
1180 1588 1415 1640 ἀπώλεσας.
1686 1602 1777 1633 1350

256 1658 361 1697 MH.
430 1658 601 1711 μακρὰν
633 1656 688 1699 ἂν
721 1657 909 1708 ἐξέτεινα
941 1657 1079 1701 τοῖσδ’
1116 1659 1319 1702 ἐναντιόν

428 1729 642 1783 λόγοισιν,
675 1730 715 1771 εἰ
744 1730 802 1784 μὴ
837 1731 947 1779 Ζεὺς
978 1731 1119 1785 πατὴρ
1151 1731 1361 1785 ἠπίστατο

427 1793 485 1841 οἷ’
521 1799 564 1850 ἐξ
598 1799 705 1854 ἐμοῦ
737 1800 965 1851 πέπονθας
997 1798 1068 1844 οἷά
1099 1800 1135 1843 τ’
1172 1803 1378 1857 εἰργάσω·

427 1872 482 1912 σὺ
516 1869 557 1912 δ’
594 1871 674 1913 οὐκ
706 1873 881 1926 ἔμελλες
911 1871 1010 1928 τᾶμ’
1046 1873 1256 1928 ἀτιμάσας
1288 1873 1390 1929 λέχη

426 1943 614 1996 τερπνὸν
647 1943 813 1994 διάξειν
845 1945 997 1997 βίοτον
1029 1943 1221 1998 ἐγγελῶν
1253 1945 1368 2000 ἐμοί,
1683 1959 1772 1990 1355

428 2011 524 2054 οὐδ’
561 2013 587 2067 ἡ
620 2014 859 2069 τύραννος,
891 2014 989 2057 οὐδ’
1026 2015 1048 2058 ὁ
1081 2015 1148 2058 σοὶ
1183 2015 1396 2072 προσθεὶς
1427 2017 1592 2072 γάμους

426 2083 582 2138 Κρέων
618 2084 743 2127 ἀνατὶ
776 2086 911 2140 τῆσδέ
940 2084 984 2140 μ>
1020 2086 1222 2142 ἐκβαλεῖν
1253 2090 1426 2143 χθονός.

423 2156 532 2208 πρὸς
564 2163 698 2198 ταῦτα
730 2155 802 2198 καὶ
835 2156 1030 2213 λέαιναν,
1063 2159 1103 2200 εἰ
1132 2159 1305 2214 βούλει,
1337 2160 1457 2201 κάλει

342 2293 431 2324 1331
460 2289 566 2335 ἕλλην
586 2291 654 2325 Ea
692 2302 781 2327 corr.
803 2291 845 2326 (ιῖ
955 2296 1044 2326 1332
1078 2291 1265 2338 προδότην
1286 2294 1314 2328 S
1348 2292 1541 2339 (προδότιν
1562 2297 1602 2339 p>
1639 2296 1642 2339 Ι
1675 2293 1714 2340 ’ἢ
1737 2296 1772 2330 Β

246 2354 337 2377 corr.
360 2344 379 2377 b
485 2348 574 2378 1333
600 2345 640 2379 τὸ
661 2357 685 2378 τι
723 2359 743 2379 ν
771 2345 854 2380 add.
877 2346 917 2380 τιι
952 2347 956 2389 Ι
991 2345 1056 2380 σὸν
1082 2344 1117 2380 δ’
1142 2347 1187 2392 S]
1225 2346 1290 2381 σὸν
1309 2359 1345 2390 r,
1377 2346 1460 2381 forb.
1487 2353 1560 2381 τῶν
1587 2353 1660 2382 σῶν
1687 2350 1773 2393 (τῶν

247 2402 319 2431 σῶν
347 2395 379 2431 σ’
403 2396 516 2441 Weil)
543 2396 714 2441 ἀλάστορ’
836 2402 925 2433 1335
953 2397 1207 2443 καλλίπρωρον
1232 2399 1318 2433 libri
1430 2404 1519 2434 1338
1546 2398 1716 2441 ἀπέωσας
1736 2401 1776 2436 Ε

294 2454 384 2484 1339
425 2450 498 2484 ἔστι
535 2449 634 2485 τοῦτ’
677 2449 756 2495 ἥτις
781 2452 817 2486 Β
864 2452 962 2486 unde
1000 2453 1067 2487 οὐκ
1105 2452 1178 2487 ἔστι
1215 2451 1315 2487 τοῦτ’
1352 2451 1399 2488 ἂν
1431 2451 1510 2497 ἥτις
1535 2453 1723 2489 Hermann

250 2506 338 2537 1345
365 2509 468 2538 τοῖον
495 2502 530 2538 δ’
555 2505 590 2538 Β
626 2503 633 2514 ’
663 2516 741 2549 sup.
770 2518 788 2538 ο
816 2505 974 2540 alterum
1001 2505 1084 2540 add.
1107 2507 1126 2541 b
1193 2509 1282 2540 1347
1309 2504 1453 2550 δαίμων
1474 2508 1509 2540 Β
1545 2505 1693 2551 δαίμον’
1717 2508 1771 2542 Βι

293 2560 384 2590 1348
412 2555 466 2603 ὅς]
500 2557 548 2597 ὡς
568 2557 607 2591 Ε
751 2562 840 2592 1350
875 2558 940 2600 ἔξω
961 2559 1085 2593 BEL
1117 2569 1206 2593 corr.
1229 2559 1337 2594 bE¹l
1372 2561 1375 2603 Ι
1412 2558 1600 2600 ἀπώλεσας
1626 2560 1770 2607 scripsi]

246 2609 416 2644 ἀπώλεσα
442 2609 529 2644 libri
628 2614 716 2645 1351
745 2611 890 2654 μακρὰν
917 2610 952 2646 δ’
983 2611 1030 2647 ἂν
1050 2611 1090 2646 Ε
1112 2607 1134 2655 ἧ
1162 2610 1270 2655 μάκρ’
1303 2610 1392 2647 ἂνδ
1415 2613 1466 2656 (Ρ
1487 2611 1509 2657 ἢ
1536 2611 1645 2657 μάκρ’
1676 2611 1771 2648 3ch

247 2659 266 2706 ἧ
296 2662 443 2706 μακρὰν
468 2675 515 2697 m.
542 2666 628 2707 rec)
664 2665 667 2707 Ι
703 2663 854 2698 ἐναντία
874 2666 941 2700 Sbs
980 2662 1164 2703 ἐναντίοις
1184 2665 1223 2699 Ε
1333 2670 1422 2699 1353
1450 2663 1511 2700 οἷα
1538 2663 1574 2700 δ’
1604 2665 1770 2711 εἴργασαι

244 2715 407 2760 Elmsley
507 2720 596 2751 1356
624 2715 704 2751 οὐδ’
737 2738 779 2741 -
807 2717 889 2752 οὐδ’
914 2718 1093 2765 Elmsley]
1126 2717 1212 2753 οὔθ’
1244 2740 1285 2743 —
1315 2717 1402 2752 οὔθ’
1432 2718 1520 2753 libri
1554 2720 1558 2763 Ι
1593 2718 1771 2763 προσθείς

245 2769 291 2814 S]
318 2768 474 2812 προθείς
493 2781 512 2804 r
534 2771 538 2815 Ι
562 2769 680 2814 γάμον
701 2770 740 2804 Ε
829 2775 918 2805 1357
945 2771 1054 2806 ἀνατὶ
1076 2773 1087 2806 l
1113 2782 1195 2806 cum
1222 2771 1352 2818 schoL]
1379 2772 1508 2807 ἀνατεὶ
1528 2772 1557 2806 S
1579 2770 1715 2816 ἀτίμως
1733 2772 1769 2807 Β

244 2822 375 2865 ἄτιμον
395 2824 455 2858 rb³
478 2825 482 2867 Ι
505 2821 607 2868 τῆσδ’
639 2821 693 2867 ἔμ’
717 2824 753 2858 B
775 2824 780 2869 Ι
803 2823 934 2868 ἄτιμον
959 2823 1070 2869 τῆσδέ
1094 2823 1131 2869 μ’
1163 2825 1326 2871 ἐκβαλὼν
1352 2824 1554 2869 Kirohh0ff‚
1580 2827 1620 2860 at
1644 2836 1768 2860 versus

244 2876 434 2920 suspectus
