1924 3162
458 638 762 686 Praefatio
801 637 1078 685 editionis
1116 638 1362 700 primae.

266 831 429 874 Codices
479 831 615 885 digni,
660 831 732 885 qui
778 830 830 872 ad
873 830 1094 885 Euripidis
1139 830 1332 871 Medeam
1377 830 1673 871 recensendam

146 902 440 957 adhibeantur,
471 905 571 944 sunt
602 901 663 943 hi:

161 974 290 1016 B:

324 974 452 1015 codex
486 973 720 1015 Vaticanus
749 973 853 1027 909,
897 972 1179 1027 bombycinus
1219 973 1375 1014 saeculi
1402 971 1517 1014 XIII.
1580 987 1674 1014 con-

322 1045 430 1086 tinet
463 1044 702 1098 Hecubam,
735 1044 946 1097 Orestem,
978 1043 1245 1099 Phoenissae,
1276 1043 1481 1100 Medeam,
1512 1043 1674 1098 Hippo-

322 1116 474 1171 lytum,
504 1115 709 1171 Alcestin,
739 1114 1094 1170 Andromacham,
1126 1115 1325 1170 Troades,
1356 1115 1546 1156 Rhesum
1579 1131 1674 1156 cum

323 1187 496 1228 scholiis
530 1189 572 1227 et
603 1185 770 1241 glossis.
818 1186 1103 1227 multifariam
1136 1186 1321 1228 correxit
1353 1201 1503 1228 manus
1536 1186 1674 1241 prima

323 1256 438 1314 (Bl).
488 1259 637 1311 postea
663 1259 937 1298 correxerunt
963 1257 1187 1311 variasque
1213 1256 1416 1298 lectiones
1445 1257 1675 1311 adscripse-

324 1331 424 1369 runt
490 1342 640 1369 manus
710 1328 890 1369 secunda
952 1331 993 1369 et
1055 1328 1183 1369 tertia
1245 1328 1429 1370 codicem
1495 1331 1675 1384 secutae,

325 1399 398 1453 qui
435 1399 678 1440 simillimus
717 1402 807 1440 erat
840 1399 881 1441 S.
945 1415 1051 1453 quae
1083 1414 1177 1441 cum
1212 1400 1456 1454 saepissime
1490 1400 1672 1441 discerni

324 1471 394 1511 vix
438 1470 626 1525 possint,
669 1484 738 1511 eas
783 1485 866 1511 una
909 1473 1012 1511 nota
1057 1469 1118 1527 (b)
1163 1470 1412 1524 significavi.
1475 1471 1598 1525 signo
1632 1471 1675 1512 bS

324 1541 463 1582 indico
497 1541 518 1582 b
561 1539 647 1598 (vel
687 1555 783 1582 cum
825 1541 891 1582 vel
933 1541 1022 1582 sine
1061 1540 1148 1597 γρ.)
1191 1542 1337 1582 literas
1372 1542 1437 1583 vel
1469 1542 1675 1583 vocabula

326 1612 687 1666 superscripsisse.
738 1612 896 1653 librum
930 1612 1113 1653 contulit
1140 1612 1242 1653 olim
1268 1612 1510 1654 Ehnsleius.
1563 1614 1676 1667 equi-

325 1683 419 1724 dem
450 1697 605 1724 novam
637 1683 907 1724 collationem
939 1683 1070 1724 debeo
1099 1682 1252 1724 Oarolo
1280 1683 1466 1737 Dilthey.
1516 1684 1674 1725 multos

325 1755 441 1795 locos
491 1768 538 1795 ac
586 1754 808 1808 praecipue
859 1769 949 1808 eos,
1000 1754 1155 1808 quibus
1197 1754 1375 1795 Elmslei
1427 1757 1469 1795 et
1517 1754 1676 1795 Dilthei

327 1824 575 1866 collationes
605 1825 716 1866 inter
742 1840 784 1866 se
811 1825 1120 1879 discrepabant,
1152 1825 1338 1879 inspexit
1366 1824 1494 1879 Hugo
1522 1825 1674 1866 Hinck.

328 1897 457 1938 codex
506 1895 724 1937 Parisinus
772 1897 906 1950 2712,
956 1897 1302 1937 membranaceus
1353 1896 1508 1937 saeculi
1560 1896 1676 1937 XIII.

327 1969 473 2008 insunt
510 1970 677 2022 praeter
711 1966 935 2021 Sophoclis
967 1966 1356 2021 Aristophanisque
1387 1968 1554 2008 fabulas
1588 1982 1676 2021 sep-

328 2042 447 2079 tenas
484 2038 703 2092 Euripidis
742 2037 936 2093 Hecuba,
974 2037 1164 2092 Orestes,
1202 2038 1475 2093 Phoenissae,
1513 2038 1676 2080 Andro-

328 2109 495 2164 macha,
544 2109 709 2165 Medea,
759 2109 1022 2164 Hippolytus
1073 2124 1168 2150 cum
1221 2109 1375 2164 glossis
1420 2112 1461 2150 et
1506 2110 1677 2151 scholiis

328 2180 600 2222 brevissimis.
662 2181 875 2234 permulta
913 2195 1063 2221 manus
1101 2181 1239 2235 prima
1271 2180 1374 2236 (ΕΙ)
1414 2181 1597 2222 correxit
1636 2184 1677 2221 et

329 2252 374 2292 in
411 2266 558 2292 rasura
597 2251 785 2306 scripsit,
825 2266 959 2305 pauca
991 2266 1039 2293 eo
1072 2252 1206 2293 minio
1239 2255 1427 2292 correcta
1460 2254 1501 2292 et
1534 2252 1677 2292 addita

331 2325 449 2378 sunt,
487 2337 571 2376 quo
609 2322 775 2377 glossae
813 2325 855 2364 et
887 2337 1162 2376 personarum
1195 2325 1322 2364 notae
1353 2323 1534 2376 scriptae
1566 2325 1676 2363 sunt.

331 2409 354 2434 a
402 2408 531 2434 manu
574 2393 712 2447 prima
755 2393 967 2434 interdum
1014 2394 1190 2435 distinxi
1235 2408 1407 2435 manum
1453 2394 1677 2434 secundam

330 2462 395 2519 (E
401 2463 448 2520 2),
479 2464 546 2505 cui
572 2464 752 2505 fortasse
778 2465 1009 2505 nonnullae
1035 2467 1299 2505 correcturae
1327 2465 1545 2518 debentur,
1573 2479 1677 2518 quas

331 2534 395 2575 El
445 2535 589 2575 tribui.
669 2538 887 2588 praeterea
936 2535 1174 2589 complures
1224 2550 1373 2576 manus
1424 2536 1678 2576 recentiores

332 2604 476 2645 literas
509 2608 551 2646 et
583 2606 789 2647 vocabula
821 2606 932 2647 inter
964 2621 1110 2647 versus
1143 2609 1184 2647 et
1216 2606 1260 2647 in
1286 2606 1476 2659 margine
1504 2606 1677 2659 seripse-

333 2678 443 2716 runt.
506 2676 690 2717 codicem
724 2677 863 2717 obiter
894 2677 1172 2731 inspexerunt
1205 2677 1306 2718 olim
1336 2676 1605 2731 Musgravius
1637 2679 1678 2717 et

332 2746 582 2787 Brunekius.
645 2747 838 2801 equidem
887 2747 1055 2788 fabulas
1092 2747 1313 2801 Euripidis
1359 2750 1401 2787 et
1441 2746 1678 2801 Sophoclis,

333 2817 451 2860 cuius
484 2817 712 2858 editionem
744 2833 961 2874 praeparo,
994 2834 1103 2860 anno
1134 2818 1258 2872 1868,
1291 2817 1510 2872 Euripidis
1541 2818 1676 2859 denuo
