1929 3208
247 149 303 189 {³13
875 146 1147 180 ΕΥΡΙΠΙΔΟΥ

463 255 640 297 (δέδοικα
674 254 756 308 γάρ
790 265 836 295 σε
871 255 928 308 μή
961 269 1025 302 τις
1058 251 1257 307 ἐμπεσὼν
1288 253 1431 302 πόθος
1686 265 1772 295 1395

459 329 585 381 πείσῃ
618 330 822 367 καθεῖναι.
857 321 967 379 σῶμ’
1004 323 1046 374 ἐς
1079 320 1210 378 οἶδμα
1242 325 1427 365 πόντιον

462 403 540 440 τοῦ
572 397 771 450 πρόσθεν
805 394 967 446 ἀνδρὸς
999 394 1174 449 χάρισιν
1207 393 1585 449 ἐκπεπληγμένην·

463 470 576 522 α’γαν
608 466 691 520 γὰρ
725 465 860 507 αὐτὸν
894 465 947 507 οὐ
979 462 1164 518 παροῦσ’
1203 464 1318 519 ὅμως
1351 464 1526 515 στένεις.

257 545 341 584 Infit.
466 536 498 580 ὦ
531 538 681 587 καινὸς
714 537 818 591 ἡμῖν
849 537 990 587 πόσις,
1023 535 1271 590 ἀναγκαίως
1303 537 1388 590 ἔχει

461 611 512 651 τὰ
544 615 693 662 πρῶτα
727 605 881 662 λέκτρα
913 607 1135 661 νυμφικάς
1166 602 1215 647 θ’
1252 605 1425 660 ὁμιλίας
1687 619 1776 649 Μοο

461 686 608 735 τιμᾶν·
644 678 726 732 ἐγὼ
761 674 808 719 δὲ
842 678 914 720 διὰ
946 678 994 719 τὸ
1027 675 1106 732 μὲν
1139 675 1338 731 στέργειν
1369 679 1500 720 πόσιν

462 750 532 793 καὶ
566 744 828 803 ξυνθάνοιμ’
865 749 938 790 ἄν·
971 748 1080 790 ἀλλὰ
1112 750 1177 797 τίς
1208 749 1339 805 κείνῳ
1373 749 1496 804 χάρις

464 825 543 874 ξὺν
575 821 845 862 κατθανόντι
877 824 1138 870 κατθανεῖν;
1173 820 1221 861 ἔα
1255 817 1306 860 δέ
1334 835 1384 874 με

463 894 600 947 αὐτὴν
633 895 858 945 μολοῦσαν
891 890 1076 944 ἐντάφια
1110 891 1269 932 δοῦναι
1300 891 1454 947 νεκρῷ.

464 964 563 1008 θεοὶ
597 962 645 1004 δὲ
678 964 754 1004 σοί
782 977 824 1003 τε
859 963 981 1004 δοῖεν
1015 957 1072 1003 οἷ’
1108 959 1193 1014 ἐγὼ
1226 959 1361 1014 θέλω,
1690 973 1779 1004 1405

465 1035 536 1078 καὶ
568 1040 626 1092 τῷ
661 1032 769 1091 ξένῳ
795 1030 919 1090 τῷδ’,
954 1033 1019 1074 ὅτι
1053 1038 1317 1074 συνεκπονεῖ
1344 1032 1459 1073 τάδε.

465 1108 574 1159 ἕξεις
607 1103 659 1147 δέ
688 1101 731 1159 μ’
769 1103 868 1145 οἵαν
900 1106 980 1159 χρή
1014 1101 1052 1145 σ’
1092 1104 1208 1157 ἔχειν
1241 1101 1288 1144 ἐν
1321 1102 1491 1157 δώμασι

469 1174 664 1232 γυναῖκ’,
698 1175 847 1228 ἐπειδὴ
880 1173 1119 1216 Μενέλεων
1152 1173 1393 1227 εὐεργετεῖς

465 1246 587 1303 κᾶμ’·
621 1248 790 1301 ἔρχεται
823 1245 906 1300 γὰρ
940 1245 992 1299 δή
1026 1242 1109 1285 τιν’
1148 1242 1191 1293 ἐς
1223 1244 1361 1298 τύχην
1391 1244 1506 1286 τάδε.

467 1320 587 1368 ὅστις
620 1315 667 1359 δὲ
701 1317 833 1359 δώσει
865 1320 979 1357 ναῦν
1011 1314 1058 1357 ἐν
1092 1309 1117 1370 ἧ
1150 1312 1244 1356 τάδ’
1283 1314 1458 1369 ἄξομεν,
1693 1327 1782 1357 1410

466 1389 730 1444 πρόσταξον,
763 1387 821 1437 ὡς
853 1386 907 1428 ἂν
939 1387 1020 1440 τὴν
1053 1386 1182 1441 χάριν
1213 1387 1356 1441 πλήρη
1389 1386 1522 1440 λάβω.

256 1466 429 1508 ΘΕΟΚ.
468 1462 598 1517 χώρει
632 1461 686 1501 σὺ
719 1456 790 1500 καὶ
822 1464 937 1499 ναῦν
968 1458 1115 1498 τοῖσδε
1147 1458 1500 1512 πεντηκόντορον

469 1532 698 1574 Σιδωνίαν
731 1530 807 1579 δὸς
838 1528 1066 1583 κάρετμῶν
1098 1527 1338 1577 ἐπιστάτας.

257 1609 348 1648 EA.
472 1603 637 1646 οὔκουν
671 1598 736 1642 ὅδ’
775 1599 895 1652 ἄρξει
926 1599 1033 1648 ναὸς
1065 1598 1112 1648 ὃς
1143 1606 1301 1653 κοσμεῖ
1329 1599 1493 1654 τάφον;

258 1678 431 1718 ΘΕΟΚ.
473 1669 667 1729 μάλιστ’·
701 1671 881 1713 ἀκούειν
912 1670 1042 1712 τοῦδε
1075 1669 1156 1725 χρὴ
1190 1669 1351 1718 ναύτας
1384 1669 1526 1724 ἐμούς.
1696 1681 1787 1712 1415

260 1750 352 1789 EA.
475 1741 609 1794 αὖθις
640 1741 865 1791 κέλευσον,
899 1741 971 1782 ἵνα
1004 1747 1156 1795 σαφῶς
1187 1740 1369 1794 μάθωσί
1397 1752 1490 1782 σου.

258 1819 431 1860 ΘΕΟΚ.
473 1812 606 1865 αὖθις
637 1813 801 1856 κελεύω
835 1810 906 1853 καὶ
937 1813 1088 1865 τρίτον
1119 1808 1181 1865 γ’,
1213 1814 1257 1852 εἴ
1283 1821 1354 1852 σοι
1387 1813 1532 1865 φίλον.

260 1891 352 1930 ΕΛ.
475 1887 616 1939 ὄναιο,
648 1883 768 1938 κάγὼ
800 1883 941 1924 τῶνδε
976 1888 1065 1923 τῶν
1096 1881 1385 1936 κελευμάτων.

260 1961 433 2001 ΘΕΟΚ.
475 1959 532 2012 μή
564 1972 651 1999 νυν
683 1955 796 2009 ἄγαν
828 1955 909 1996 σὸν
942 1953 1156 2008 δάκρυσιν
1189 1952 1366 2008 ἐκτήξῃς
1396 1955 1517 2008 χρόα.

262 2033 355 2072 EA.
478 2026 547 2083 ἥδ’
583 2027 722 2082 ἡμέρα
755 2037 826 2067 σοι
857 2025 938 2079 τὴν
967 2024 1076 2079 ἐμὴν
1108 2023 1238 2074 δείξει
1270 2024 1410 2079 χάριν.
1700 2036 1789 2067 1420

262 2103 434 2143 ΘΕΟΚ.
475 2100 527 2141 τὰ
558 2106 647 2140 τῶν
678 2098 916 2139 θανόντων
950 2085 1100 2149 οὐδένς
1130 2093 1226 2137 ἀλλ’
1264 2096 1406 2145 ἄλλως
1437 2097 1585 2145 πόνος.

262 2175 354 2214 ΕΛ.
477 2172 597 2212 ἔστιν
628 2184 670 2210 τι
701 2167 828 2210 κάκεῖ
854 2165 1044 2209 κάνθάδ’
1083 2162 1146 2208 ὧν
1179 2166 1262 2220 ἐγὼ
1296 2164 1421 2220 λέγω.

263 2244 434 2284 ΘΕΟΚ.
477 2238 611 2283 οὐδὲν
643 2241 779 2281 κακίω
813 2236 1022 2279 Μενέλεώ
1054 2235 1096 2292 μ’
1135 2236 1244 2288 ἕξεις
1275 2238 1418 2279 πόσιν.

361 2361 452 2392 1396
492 2356 687 2401 καθεῖναι]
719 2354 861 2397 Naber,
901 2356 1072 2398 μεθεῖναι
1105 2353 1182 2388 LG
1305 2357 1394 2387 1397
1428 2352 1725 2399 ἐκπεπληγμένου
1758 2354 1791 2389 G

365 2414 456 2445 1398
477 2407 654 2454 παροῦσ’]
674 2407 806 2442 Vitelli
827 2409 865 2441 et
883 2405 1047 2450 Kvifzala„
1067 2404 1232 2449 παρόνθ’
1252 2406 1330 2441 LG
1405 2410 1495 2441 1399
1516 2407 1659 2453 καινὸς]
1679 2406 1790 2450 Beck,

263 2464 405 2504 κλεινὸς
425 2463 503 2498 LG
596 2464 686 2495 1403
713 2461 779 2502 ξὺν
802 2458 1047 2505 κατθανόντι]
1068 2459 1231 2504 ΡῘΕΥΞΟΠ,
1258 2459 1557 2505 ξυγκατιθανόντι
1577 2460 1656 2496 LG
1678 2463 1682 2504 Ι
1705 2474 1790 2495 κατ-

263 2520 398 2552 θανεῖν
429 2515 466 2560 μ’
496 2514 658 2560 Len‘cing
774 2516 864 2547 1406
891 2511 976 2547 τῶδ’
1003 2513 1069 2557 ZG,
1096 2511 1129 2547 δ’
1155 2514 1189 2548 L
1306 2517 1396 2547 1407
1423 2512 1491 2558 χρή
1517 2512 1570 2559 6']
1595 2513 1789 2558 Matthiae,

264 2576 355 2616 χρῆν
375 2570 454 2606 LG
476 2571 480 2615 Ι
504 2569 645 2612 δώμασι
665 2567 754 2611 LG,
781 2565 946 2609 δώμασιν
973 2566 985 2600 Ζ
1083 2570 1173 2600 1413
1199 2567 1262 2601 καὶ
1289 2566 1447 2610 ἐρετμῶν
1473 2567 1519 2610 L,
1550 2566 1612 2600 καὶ
1633 2564 1791 2611 ’ρει-μῶν

266 2624 319 2658 {G
404 2625 494 2656 1415
521 2621 604 2667 χρὴ]
626 2620 774 2664 Reiske‚
801 2624 892 2665 χρῆν
912 2619 990 2653 LG
1078 2623 1262 2654 1416—‘29
1285 2618 1442 2664 singulis
1462 2618 1629 2653 versibus
1654 2618 1792 2654 lineola

264 2678 428 2723 praefixa
452 2676 492 2710 in
517 2676 596 2711 LG
718 2678 806 2708 1417
834 2671 958 2716 τρίτον
984 2672 1073 2716 LG,
1098 2671 1222 2716 τρίτον
1249 2670 1282 2717 γ’
1314 2673 1326 2706 Z
1445 2676 1534 2706 1418
1560 2673 1677 2707 τῶνδε
1702 2672 1790 2718 τῶν]

265 2730 415 2774 Nauck,
447 2736 520 2764 τῶν
546 2729 641 2773 ἐμῶν
667 2727 756 2771 LG,
788 2726 872 2761 fort.
899 2731 971 2760 τῶν
997 2731 1107 2768 τριῶν
1143 2728 1146 2770 Ι
1181 2724 1428 2770 κελευμάτων]
1463 2724 1610 2769 scripsi,
1643 2726 1790 2770 βουλευ-

266 2783 389 2827 μάτων
416 2783 493 2818 LG
608 2784 698 2814 1419
725 2778 885 2822 ἐκτήξεις
913 2778 956 2822 G,
984 2778 1134 2823 ἐκτήξης
1158 2790 1180 2823 {J
1290 2781 1379 2811 1421
1408 2777 1522 2817 ἄλλως
1547 2777 1598 2821 L,
1625 2776 1719 2817 ἄλως
1746 2777 1790 2821 G,

267 2836 360 2876 ἄλως
385 2848 408 2881 y
524 2838 613 2869 1422
630 2845 682 2877 sq.
715 2832 860 2867 inverso
892 2831 1039 2875 ordine,
1073 2831 1136 2865 sed
1168 2830 1331 2865 numeris
1358 2830 1496 2865 additis
1522 2830 1638 2864 habeb
1662 2830 1697 2865 L

269 2893 357 2922 1422
387 2888 458 2923 ἔστι
484 2888 574 2932 LG,
607 2886 703 2922 ἔστιν
730 2887 741 2921 Ζ
772 2887 776 2930 Ι
808 2883 913 2931 ἔγωγ’
944 2884 1012 2928 ἐρῶ
1038 2884 1246 2930 Musgrave,
1277 2884 1361 2919 fort.
1388 2883 1457 2928 ἐγὼ
1483 2881 1585 2928 ψέγω
