1929 3208
759 148 972 180 ΚΤΚΛῼΨ
1592 146 1642 188 11

297 256 398 309 περὶ
428 261 524 297 τοῖν
557 258 732 296 σκελοῖν
767 256 923 297 ἰδοῦσα
954 254 1026 296 καὶ
1058 255 1136 296 τὸν
1167 253 1357 309 χρύσεον

295 327 440 383 κλῳὸν
472 332 700 381 φοροῦντα
731 326 832 381 περὶ
863 325 998 379 μέσον
1029 326 1108 367 τὸν
1139 324 1303 379 αὐχένα

296 397 557 452 ἐξεπτοήθη,
590 397 843 451 Μενέλεων,
876 396 1138 451 ἀνθρώπιον
1579 404 1645 436 186

297 472 481 525 λῷστον,
514 471 714 510 λιποῦσα.
776 468 978 522 μηδαμοῦ
1010 466 1138 521 γένος
1169 466 1274 508 ποτὲ

297 546 436 595 φῦναι
467 546 692 593 γυναικῶν
724 539 860 594 ὤφελ’
890 539 928 580 εἰ
958 539 1015 592 μὴ
1045 535 1134 591 ’μοὶ
1165 539 1296 594 μόνῳ.

756 673 976 707 ΣΙΛΗΝΟΣ

298 748 396 789 ἰδοὺ
428 747 524 788 τάδ’
553 746 660 800 ὑμῖν
691 747 909 799 ποιμνίων
940 747 1213 800 βοσκήματα,

295 817 402 868 ἄναξ
430 816 663 872 Ὀδυσσεῦ,
694 817 902 871 μηκάδων
934 816 1084 871 ἀρνῶν
1114 817 1297 871 τροφαί,

294 895 460 943 πηκτοῦ
495 886 710 942 γάλακτός
740 885 777 929 τ’
809 887 861 929 οὐ
895 887 1058 929 σπάνια
1090 887 1348 941 τυρεύματα.
1579 896 1646 928 190

294 959 507 1013 φέρεσθε,
538 957 718 1013 χωρεῖθ’
749 959 807 1008 ὡς
838 957 1001 1012 τάχιστ’
1031 959 1206 1012 ἄντρων
1237 959 1343 1011 ἄπο,

293 1028 483 1085 βότρυος
514 1028 610 1082 ἐμοὶ
640 1029 754 1082 πῶμ’
784 1029 1037 1079 ἀντιδόντες
1069 1029 1206 1071 εὐίου.

293 1101 425 1154 οἴμοι·
459 1100 656 1151 Κύκλωψ
689 1100 754 1142 ὅδ’
785 1097 971 1155 ἔρχεται·
1004 1101 1049 1142 τί
1078 1100 1319 1155 δράσομεν;

140 1173 231 1213 ΟΔ.
294 1171 582 1224 ἀπολώλαμεν
612 1171 717 1226 γάρ,
749 1168 782 1213 ὦ
814 1170 962 1226 γέρον,
993 1178 1071 1213 ποῖ
1100 1172 1182 1226 χρὴ
1216 1178 1399 1227 φυγεῑν;

150 1245 227 1285 ΣΙ.
290 1240 374 1284 ἔσω
406 1242 565 1296 πέτρας
595 1241 733 1297 τῆσδ’,
766 1239 903 1297 οὗπερ
936 1242 991 1284 ἂν
1024 1243 1207 1285 λάθοιτέ
1229 1259 1290 1298 γε.
1578 1252 1645 1284 195

140 1316 230 1356 ΟΛ.
294 1314 445 1356 δεινὸν
475 1312 567 1355 τόδ’
598 1309 742 1367 εἶπας,
774 1313 951 1368 ἀρκύων
982 1318 1136 1367 μολεῖν
1168 1312 1264 1356 ἔσω.

150 1386 226 1426 ΣΙ.
290 1385 342 1426 οὐ
376 1385 544 1426 δεινόν·
577 1385 662 1426 εἰσὶ
693 1385 944 1439 καταφυγαὶ
975 1385 1134 1427 πολλαὶ
1164 1385 1335 1440 πέτρας.

140 1458 230 1497 ΟΔ.
294 1456 348 1497 οὐ
381 1453 496 1510 δῆτ’·
531 1454 628 1498 ἐπεί
655 1455 736 1498 τᾶν
767 1456 933 1510 μεγάλα
963 1456 1004 1511 γ’
1032 1457 1059 1511 ἡ
1099 1458 1234 1510 Τροία
1265 1455 1431 1510 στένοι,

292 1527 330 1568 εἰ
363 1524 631 1581 φευξόμεσθ’
664 1524 728 1568 ἕν’
760 1527 923 1582 ἄνδρα,
954 1529 1117 1582 μυρίον
1149 1528 1188 1569 δ’
1218 1528 1352 1583 ὄχλον

297 1599 489 1652 Φρυγῶν
519 1596 715 1652 ὑπέστην
746 1598 956 1648 πολλάκις
987 1600 1073 1641 σὺν
1105 1598 1268 1641 ἀσπίδι.
1575 1608 1643 1639 200

292 1666 404 1722 ἀλλ’,
437 1669 475 1710 εἰ
504 1672 667 1710 θανεῖν
698 1669 785 1723 δεῖ,
817 1670 1148 1723 κατθανούμεθ’
1179 1669 1389 1724 εὐγενῶς,

290 1739 316 1794 ἢ
349 1741 505 1790 ζῶντες
537 1735 665 1782 αἶνον
697 1740 775 1782 τὸν
807 1740 997 1795 πάρονθε
1029 1741 1239 1794 σώσομεν.

748 1875 963 1908 ΚΤΚΛΩΨ

291 1946 438 2000 ἄνεχε,
468 1945 647 2000 πάρεχε,
679 1948 724 1988 τί
752 1947 872 1998 τάδε;
904 1949 969 1997 τίς
999 1948 1025 2002 ἡ
1059 1948 1275 2004 ῥᾳθυμίας

291 2018 334 2058 τί
363 2017 626 2071 βακχιάζετ’;
659 2017 759 2072 οὐχὶ
790 2019 1015 2068 Διόνυσος
1045 2019 1168 2073 τάδε,

291 2087 343 2129 οὐ
375 2089 565 2142 κρόταλα
596 2091 760 2143 χαλκοῦ
787 2089 1026 2142 τυμπάνων
1051 2087 1088 2131 τ’
1120 2089 1358 2145 ἀράγματα.
1573 2102 1642 2133 205

290 2166 382 2208 πῶς
412 2174 486 2212 μοι
517 2158 610 2201 κατ’
640 2160 778 2214 ἄντρα
809 2161 998 2215 νεόγονα
1029 2163 1327 2216 βλαστήματα;

290 2227 316 2283 ἧ
347 2231 457 2285 πρός
489 2245 534 2272 τε
565 2237 746 2283 μαστοῖς
778 2232 863 2273 εἰσι
893 2231 1007 2286 χὺπὸ
1039 2232 1239 2287 μητέρων

140 2372 215 2404 183.
241 2375 322 2404 τοῖν
347 2370 393 2412 L,
418 2369 485 2414 τὴν
511 2371 547 2404 Ρ
642 2373 709 2405 184
736 2369 870 2417 κλῳὸν]
898 2371 1072 2414 Dindorf‚
1105 2370 1230 2407 κλοιὸν
1257 2373 1352 2416 LP,
1386 2373 1450 2408 cfr.
1477 2377 1544 2408 235

79 2425 145 2458 186
171 2424 308 2457 λῶστον
334 2423 420 2466 LP,
445 2424 579 2470 λῷστον
600 2435 628 2468 p
650 2425 656 2468 Ι
678 2423 761 2459 fort.
788 2426 973 2469 μηδαμῶς,
1001 2425 1065 2460 cfr.
1084 2425 1215 2461 Bacch.
1232 2429 1288 2468 46,
1313 2425 1379 2460 ubi
1405 2427 1571 2471 οὐδαμοῦ
1598 2428 1641 2469 Ρ,

78 2476 248 2519 οὐδαμῶς
272 2476 307 2510 L
405 2479 470 2511 187
507 2476 556 2520 μή
589 2489 652 2521 μοι
689 2478 768 2512 LP
862 2481 929 2512 188
955 2489 1136 2523 personae
1170 2481 1297 2514 notam
1330 2490 1398 2514 om.
1429 2480 1515 2522 LP,
1554 2480 1640 2515 add.

77 2528 262 2572 Tyrwhitt
283 2528 289 2575 Ι
310 2528 508 2576 ποιμνίων]
536 2529 718 2575 Scaliger,
755 2528 942 2575 ποιμένων
968 2532 1046 2567 LP
1141 2536 1207 2567 191
1235 2530 1395 2576 φέρεσθε
1422 2533 1498 2576 Lp,
1534 2532 1642 2576 φέρε-

78 2584 170 2616 σθαι
190 2583 226 2617 Ρ
321 2585 387 2616 192
412 2582 496 2617 fort.
518 2582 620 2618 εὔιον
719 2587 784 2618 193
812 2595 865 2628 sq.
886 2583 987 2619 Ulixi
1011 2585 1184 2620 tribuunss
1209 2586 1295 2628 LP,
1322 2586 1479 2620 correxit
1499 2586 1537 2619 L.
1553 2585 1642 2620 Din-

78 2634 162 2669 dorf
257 2637 324 2670 196
351 2634 500 2678 ἁρκύων
526 2637 606 2671 LP
702 2640 767 2671 197
794 2638 991 2682 καταφυγὴ
1012 2639 1056 2679 Ρ,
1085 2649 1174 2672 corr.
1189 2649 1219 2682 p
1322 2642 1384 2672 198
1412 2639 1529 2673 στένει
1553 2640 1640 2681 LP,

78 2701 113 2722 οι
139 2698 249 2732 super
274 2700 306 2722 ει
331 2699 398 2722 scr.
421 2700 449 2733 p
547 2691 613 2723 201
641 2690 713 2736 δεῖ]
741 2689 824 2724 fort.
851 2691 920 2735 χρή
1018 2694 1086 2725 202
1112 2690 1291 2737 πάροιθε]
1313 2691 1496 2736 Hartung‚
1521 2691 1641 2735 πάρος

77 2739 116 2776 εὖ
143 2742 229 2783 LP,
255 2740 374 2785 πάρος
398 2742 438 2786 γ’
457 2740 497 2776 εὖ
518 2742 541 2785 l,
568 2742 632 2777 cfr.
653 2742 736 2777 Tro.
759 2746 850 2777 1050
948 2747 1015 2778 203
1044 2743 1179 2785 Sileno,
1207 2748 1275 2778 204
1297 2742 1449 2788 Cyclopi
1469 2744 1641 2779 tribuunt

77 2794 162 2836 LP,
189 2804 280 2828 corr.
306 2793 492 2838 Tyrwhitt
590 2799 657 2830 204
684 2796 766 2841 οὐχὶ
792 2793 991 2843 Διόνυσος]
1020 2797 1226 2842 Musgrave,
1253 2798 1296 2831 οὐ
1323 2797 1496 2837 διόνυσος
1521 2798 1565 2841 Ρ,
1597 2798 1640 2832 οὐ

77 2847 257 2886 διώνυσος
282 2847 316 2881 L
413 2851 480 2882 207
507 2847 529 2893 ἢ
554 2848 655 2894 LP}
679 2849 731 2895 τε]
759 2849 786 2883 L
818 2849 987 2891 Dindorf‚
1014 2863 1053 2894 γε
1080 2851 1181 2894 LP1
1204 2850 1272 2884 εἰσὶ
1294 2851 1332 2895 χ’
1353 2848 1425 2886 ὑπὸ
1446 2854 1480 2895 (χ
1501 2851 1540 2885 in
1559 2861 1642 2893 ras„

76 2899 199 2934 fuerat
224 2899 368 2935 scilieet
393 2901 457 2935 καὶ
483 2899 570 2946 ὑπὸ)
596 2903 642 2944 L,
669 2902 763 2937 εἰσὶν
789 2900 811 2946 ἢ
837 2901 951 2947 χ’ὑπὸ
978 2904 1001 2946 l,
1028 2903 1097 2938 εἰσὶ
1123 2902 1237 2948 χ’ὑπὸ
1265 2905 1301 2939 Ρ
