1929 3208
872 139 958 172 ΙῼΝ
1621 138 1677 178 23

363 249 572 302 ἀκίνητον
604 246 826 302 ἀφορμάν,

363 318 530 362 τέκνων
562 313 628 367 οἷς
660 317 715 359 ἂν
747 320 1045 372 κουροτρόφοι
1608 328 1676 359 475

364 391 593 445 λάμπωσιν
626 389 673 431 ἐν
705 389 925 444 θαλάμοις

359 463 580 516 πατρίοισι
612 460 812 509 νεάνιδες
842 457 962 514 ἧβαι,

362 530 623 586 διαδέκτορα
654 534 848 572 πλοῦτον

363 604 420 653 ὡς
451 602 622 653 ἕξοντες
654 601 700 643 ἐκ
731 599 931 656 πατέρων

363 673 527 728 ἑτέροις
559 671 627 715 ἐπὶ
659 671 840 721 τέκνοις.
1605 683 1674 714 480

358 744 467 786 ἀλκά
498 759 543 786 τε
574 744 657 798 γὰρ
691 742 739 784 ἐν
770 749 921 792 κακοῖς

357 814 442 856 σύν
473 812 508 855 τ’
547 813 768 867 εὐτυχίαις
798 815 948 868 φίλον,

356 886 460 940 δορί
486 899 532 926 τε
564 889 619 940 γᾷ
651 885 812 940 πατρίᾳ
843 881 969 939 φέρει

356 957 576 1011 σωτήριον
609 954 758 997 ἀλκάν.

355 1026 450 1082 ἐμοὶ
482 1024 563 1082 μὲν
593 1026 789 1068 πλούτου
820 1041 866 1067 τε
897 1025 1037 1081 πάρος
1601 1038 1669 1069 485

351 1100 592 1152 βασιλικῶν
622 1096 661 1139 τ’
695 1094 784 1139 εἷεν
815 1097 1033 1151 θαλάμων

352 1167 514 1223 τροφαὶ
545 1169 714 1223 κήδειοι
744 1168 914 1210 κεδνῶν
945 1183 994 1221 γε
1026 1166 1206 1210 τέκνων.

352 1240 430 1282 τὸν
461 1240 626 1281 ἄπαιδα
659 1235 698 1281 δ’
735 1238 968 1292 ἀποστυγῶ

352 1313 452 1365 βίον
484 1305 517 1368 ᾧ
549 1326 594 1353 τε
627 1311 752 1352 δοκεῖ
780 1309 918 1364 ψέγω·

351 1383 456 1437 μετὰ
489 1379 537 1424 δὲ
567 1382 762 1424 κτεάνων
795 1383 984 1437 μετρίων
1016 1383 1166 1435 βιοτᾶς
1597 1394 1667 1424 490

353 1453 563 1503 εὔπαιδος
594 1452 788 1507 ἐχοίμαν.

353 1563 386 1608 ὦ
420 1565 573 1615 Πανὸς
603 1566 836 1619 θακήματα
867 1563 940 1606 καὶ

348 1638 674 1692 παραυλίζουσα
706 1635 841 1690 πέτρα

349 1708 569 1762 μυχώδεσι
600 1709 820 1762 Μακραῖς,

348 1779 420 1820 ἵνα
453 1779 614 1833 χοροὺς
645 1779 870 1832 στείβουσι
901 1779 1060 1820 ποδοῖν
1595 1791 1664 1821 495

344 1847 590 1905 Ἀγλαύρου
622 1850 750 1904 κόραι
781 1850 980 1904 τρίγονοι

349 1920 503 1962 στάδια
535 1921 695 1975 χλοερὰ
726 1921 810 1975 πρὸ
845 1920 1080 1970 Παλλάδος

347 1998 483 2045 ναῶν,
517 1992 779 2046 [συρίγγων]

346 2059 420 2103 ὑπ’
456 2063 606 2111 αἰόλας
638 2061 743 2117 ἀχᾶς

347 2132 515 2187 ὕμνων,
548 2128 609 2174 ὅτ’
646 2131 843 2182 ἀναλίοις
1593 2146 1661 2177 500

347 2205 550 2257 συρίζεις,
583 2200 616 2245 ὦ
649 2204 765 2256 Πάν,

227 2352 296 2384 475
328 2348 591 2396 κουροτρόφοι]
623 2350 837 2396 Musgrave,
871 2349 1130 2395 καρποτρόφοι
1155 2352 1235 2386 LP
1329 2355 1397 2385 477
1430 2348 1534 2398 ἧβαι]
1567 2349 1660 2395 ὧραι

133 2401 174 2436 O.
195 2401 341 2437 Goram.
380 2401 450 2438 Cfr.
471 2403 607 2438 Phoen.
630 2407 697 2438 786
771 2407 839 2438 479
866 2402 1008 2446 ἕξοντες
1028 2405 1115 2448 LP,
1143 2403 1286 2447 ἕξοντες
1304 2403 1338 2450 γ’
1365 2406 1376 2439 l
1448 2409 1517 2439 483
1539 2410 1587 2450 γᾶ
1612 2406 1658 2449 L,

133 2454 201 2500 γὰρ
229 2456 288 2500 ΡΙ
311 2454 497 2502 δοριπόνῳ
521 2469 559 2491 τε
585 2455 707 2505 πάτρᾳ
733 2457 772 2491 F.
799 2456 866 2491 Gu.
895 2457 1064 2492 Schmidt
1153 2462 1223 2492 484
1248 2457 1383 2503 ἀλκάν]
1410 2457 1543 2502 αἴγλαν
1569 2457 1659 2493 Her-

133 2507 292 2552 werden,
318 2508 402 2543 fort.
428 2509 567 2554 αἰχμάν
649 2514 717 2545 486
743 2511 943 2556 βασιλικῶν
968 2509 1000 2545 τ’
1031 2508 1106 2546 εἶεν
1130 2510 1314 2556 θαλάμων
1333 2512 1420 2555 LP,
1446 2510 1565 2545 literis
1591 2524 1615 2545 α
1635 2512 1658 2557 β

131 2560 265 2606 positis
284 2561 443 2596 mutavit
462 2562 498 2596 in
520 2563 719 2608 βασιλικῶν
743 2562 926 2607 θαλάμων
945 2562 978 2598 τ’
1003 2561 1078 2599 εἷεν
1098 2565 1121 2609 l,
1146 2563 1230 2599 fort.
1252 2565 1448 2610 βασιλικῶν
1467 2576 1505 2598 τε
1531 2565 1659 2609 χλιδᾶς

133 2612 256 2658 δόμων
375 2618 443 2649 487
470 2627 509 2660 γε
539 2613 678 2650 τέκνων
702 2616 789 2660 LP,
827 2629 867 2662 γε
899 2616 1039 2652 delevit
1064 2618 1076 2652 l
1194 2622 1261 2652 491
1294 2615 1462 2662 ἐχοίμαν]
1496 2615 1657 2661 ὀναίμαν

131 2666 356 2702 Herwerden
440 2672 508 2702 493
528 2669 592 2703 καὶ
611 2667 885 2712 παραυλίζουσα
906 2671 942 2704 Ρ
1026 2674 1095 2705 494
1115 2671 1313 2716 μυχώδεσι]
1334 2669 1527 2714 Tyrwhiffl),
1548 2671 1657 2715 μυχοὶ

132 2720 233 2754 δαισὶ
259 2720 338 2754 LP
429 2725 498 2755 495
526 2720 706 2766 στείχουσι
732 2723 775 2766 Ρ,
807 2722 891 2758 fort.
925 2723 1044 2758 ἱστᾶσι
1140 2728 1209 2758 496
1231 2722 1445 2769 Ἀγλαύρου]
1478 2722 1655 2768 Scaliger,

132 2773 319 2818 ἀγραύλου
344 2774 431 2808 LP.
481 2773 552 2808 Cfr.
581 2778 624 2808 23
744 2779 813 2810 498
846 2775 1027 2821 συρίγγων
1061 2776 1260 2811 delendum
1285 2776 1431 2811 videtur
1461 2778 1656 2821 (συρικτῶν

132 2825 342 2871 Musgrave)
427 2831 496 2861 499
522 2827 630 2874 ἀχᾶς]
657 2827 798 2873 scripsi,
825 2829 933 2874 ἰαχᾶς
951 2830 1031 2864 LP
1114 2833 1181 2864 500
1196 2841 1247 2874 sq.
1277 2827 1330 2864 ὅτ’
1361 2827 1530 2871 ἀναλίοις
1555 2829 1654 2875 συρί-

133 2879 218 2924 ζεις]
243 2879 477 2924 Hel-werden,
505 2878 594 2916 ὅταν
620 2879 761 2921 α’ὐλίοις
786 2879 931 2928 συρίζῃς
955 2883 1034 2917 LI'
