1929 3208
811 142 975 176 EAENH
1597 144 1652 184 39

306 248 439 290 πάλιν
470 243 514 302 μ’
550 245 757 298 ἀνάξουσ’
794 248 837 299 ἐς
867 250 916 291 τὸ
949 256 1130 304 σῶφρον
1163 246 1295 300 αὖθις
1327 247 1383 292 αὖ

308 317 561 373 ἑδνώσομαί
587 334 632 360 τε
664 318 891 374 θυγατέρ’,
924 320 980 374 ἣν
1013 319 1159 370 οὐδεὶς
1191 329 1333 375 γαμεῖ,

309 389 389 442 τὴν
423 387 462 430 δ’
501 389 655 431 ἐνθάδ’
694 389 914 433 ἐκλιποῦσ’
953 391 1158 445 ἀλητείαν
1190 392 1351 447 πικρὰν

308 460 450 501 ὄντων
483 459 530 502 ἐν
564 464 701 510 οἱκοις
732 462 966 516 χρημάτων
999 460 1226 516 ὀνήσομαιζ
1585 475 1651 505 935

304 532 372 572 κεί
401 528 480 585 μὲν
512 531 669 573 θανὼν
701 530 766 573 ὅδ’
811 531 859 574 ἐν
890 537 1008 588 πυρᾷ
1041 533 1309 587 κατεσφάγη,

306 603 457 654 πρόσω
490 600 565 656 σφ’
604 601 771 644 ἀπόντα
804 603 1014 656 δακρύοις
1045 601 1099 644 ἂν
1131 603 1330 657 ἠγάπων·

303 678 388 714 νῦν
421 669 460 714 δ’
497 674 603 715 ὄντα
634 671 706 715 καὶ
739 669 927 714 σωθέντ’
963 673 1340 728 ἀφαιρεθήσομαι;

304 743 361 797 μὴ
395 744 517 797 δῆτα,
548 741 756 797 παρθέν’,
790 743 899 786 ἀλλά
932 741 971 784 σ’
1009 744 1185 786 ἱκετεύω
1219 745 1336 787 τόδε·

305 814 380 862 δὸς
413 814 491 867 τὴν
523 814 653 868 χάριν
684 830 758 868 μοι
789 815 921 868 τήνδε
953 813 1025 855 καὶ
1058 821 1195 869 μιμοῦ
1227 817 1413 870 τρόπους
1583 828 1650 858 940

306 884 469 937 πατρὸς
501 884 694 926 δικαίου·
726 883 850 926 παισὶ
882 885 965 939 γὰρ
996 884 1121 935 κλέος
1151 886 1251 928 τόδε

271 994 273 996 ,
306 954 554 1009 κάλλιστον,
587 955 705 1005 ὅστις
737 955 783 997 ἐκ
813 956 976 1011 πατρὸς
1007 963 1200 1011 χρηστοῦ
1231 958 1370 1011 γεγὼς

303 1025 346 1076 ἐς
376 1026 538 1068 ταύτὸν
571 1023 680 1080 ἦλθε
711 1034 804 1076 τοῖς
835 1033 1008 1069 τεκοῦσι
1040 1029 1145 1077 τοὺς
1175 1029 1377 1081 τρόπους.

127 1099 217 1138 ΧΟ.
305 1096 472 1151 οἰκτροὶ
504 1095 584 1151 μὲν
617 1098 663 1139 οὗ
689 1099 903 1153 παρόντες
935 1098 982 1140 ἐν
1015 1097 1132 1155 μέσῳ
1165 1100 1303 1152 λόγοι,

304 1169 454 1222 οἰκτρὰ
487 1165 534 1210 δὲ
566 1166 637 1210 καὶ
670 1169 737 1211 σύ.
799 1170 902 1218 τοὺς
935 1167 983 1211 δὲ
1016 1168 1226 1211 Μενέλεω
1258 1174 1386 1212 ποθῶ
1584 1182 1650 1211 945

303 1240 463 1292 λόγους
495 1238 680 1282 ἀκοῦσαι
712 1241 835 1289 τίνας
867 1239 960 1295 ἐρεῖ
988 1247 1130 1295 ψυχῆς
1161 1241 1272 1295 πέρι.

124 1311 226 1350 ΜΕ.
300 1309 383 1363 ἐγὼ
417 1310 497 1352 σὸν
529 1309 622 1352 οὔτ’
660 1309 715 1351 ἂν
745 1318 1012 1363 προσπεσεῖν
1045 1313 1200 1365 τλαίην
1231 1314 1342 1365 γόνυ

302 1379 393 1422 οὔτ’
431 1379 485 1422 ἂν
518 1381 733 1436 δακρῦσαι
765 1380 984 1437 βλέφαρα·
1016 1382 1097 1436 τὴν
1135 1385 1300 1438 Τροίαν
1331 1383 1414 1438 γὰρ
1448 1381 1502 1425 ἂν

302 1449 440 1492 δειλοὶ
471 1453 702 1506 γενόμενοι
733 1455 940 1494 πλεῖστον
973 1453 1261 1507 αἰσχύνοιμεν
1294 1454 1360 1496 ἄν.

301 1524 443 1564 καίτοι
474 1522 682 1576 λέγουσιν
714 1523 772 1573 ὡς
803 1524 912 1577 πρὸς
944 1523 1107 1578 ἀνδρὸς
1139 1524 1349 1577 εὐγενοῦς
1583 1535 1650 1566 950

302 1592 348 1634 ἐν
383 1592 651 1648 ξυμφοραῖσι
684 1591 836 1649 δάκρυ’
875 1590 947 1635 ἀπ’
984 1594 1234 1649 ὀφθαλμῶν
1266 1597 1430 1649 βαλεῖν.

301 1662 394 1704 ἀλλ’
433 1662 531 1718 οὐχὶ
562 1669 692 1706 τοῦτο
724 1665 772 1705 τὸ
804 1666 956 1719 καλόν,
989 1666 1030 1707 εί
1059 1666 1196 1707 καλὸν
1228 1666 1344 1719 τόδε,

302 1735 537 1789 αἱρήσομαι
564 1731 643 1789 ’γὼ
675 1736 845 1789 πρόσθε
877 1742 952 1790 τῆς
984 1736 1231 1791 εὐανδρίας.

301 1802 414 1859 ἀλλ’,
446 1805 486 1846 εἰ
515 1802 595 1859 μὲν
627 1806 770 1861 ἄνδρα
803 1817 874 1848 σοι
907 1807 1031 1849 δοκεῖ
1055 1814 1194 1849 σῶσαι
1227 1806 1354 1858 ξένον

302 1876 512 1928 ζητοῦντά
544 1873 584 1930 γ’
620 1876 768 1932 ὀρθῶς
799 1877 1038 1930 ἀπολαβεῖν
1071 1876 1254 1932 δάμαρτ’
1291 1878 1414 1933 ἐμήν,
1580 1892 1647 1921 955

300 1946 463 1996 ἀπόδος
493 1962 539 1988 τε
571 1945 642 1988 καὶ
673 1947 783 2001 πρὸς
815 1955 980 1990 σῶσον·
1012 1949 1054 1990 εί
1085 1946 1133 1990 δὲ
1164 1949 1222 2003 μὴ
1257 1950 1390 2003 δοκεῖ,

301 2016 384 2070 ἐγὼ
415 2015 496 2072 μὲν
529 2017 582 2059 οὐ
613 2023 698 2059 νῦν
730 2025 920 2073 πρῶτον,
953 2018 1062 2061 ἀλλὰ
1093 2020 1302 2069 πολλάκις

300 2089 457 2137 ἅθλιος
489 2087 543 2129 ἂν
575 2091 687 2143 εἵην,
719 2090 774 2130 σὺ
808 2086 856 2131 δὲ
887 2090 1000 2144 γυνὴ
1032 2091 1140 2144 κακὴ
1173 2096 1304 2146 φανῇ.

300 2157 326 2199 ἃ
359 2156 399 2200 δ’
435 2156 517 2209 ἄξι’
554 2158 678 2213 ἡμῶν
709 2158 782 2201 καὶ
816 2156 947 2202 δίκαι’
983 2160 1214 2215 ἡγούμεθα

300 2227 373 2270 καὶ
407 2236 484 2284 σῆς
515 2230 700 2284 μάλιστα
734 2231 916 2286 καρδίας
949 2231 1210 2287 ἀνθάψεται,
1579 2246 1647 2276 960

218 2402 285 2433 932
313 2396 377 2445 αὖ]
410 2398 560 2442 canter,
594 2397 641 2434 ἂν
666 2400 740 2434 LG
867 2404 934 2435 933
962 2400 1182 2446 ἐδνώσομαι]
1208 2400 1397 2435 Hermann
1430 2401 1645 2446 (ἐδνάσομαι

122 2450 291 2495 Aldina),
322 2450 504 2495 ἐδώσομαί
536 2452 626 2495 LG,
661 2451 865 2497 ἐκδώσομαί
890 2465 912 2499 9
1033 2458 1100 2488 935
1134 2453 1329 2500 ὀνήσομαι]
1363 2454 1519 2498 Aldina,
1551 2455 1644 2499 ὠνή-

122 2515 231 2547 σομαι
264 2504 341 2538 LG
486 2508 553 2538 936
591 2505 822 2552 κατεσφάγη]
862 2505 1069 2551 κατέφθιτο
1107 2506 1394 2541 Rauchenstein.
1454 2508 1550 2542 Forb.
1590 2509 1646 2543 κεί

122 2555 188 2600 μὲν
226 2555 344 2601 μάχης
382 2555 439 2591 ὅδ’
482 2556 521 2592 ἐν
562 2563 678 2603 τροπῇ
719 2558 932 2604 κατεσφάγη
1078 2564 1143 2594 941
1183 2560 1288 2594 παισὶ
1322 2559 1422 2595 Stob.
1456 2560 1489 2595 fl.
1523 2566 1578 2605 89,
1612 2567 1644 2606 2,

122 2610 230 2643 παιδὶ
255 2609 332 2644 LG
453 2614 519 2643 942
535 2622 586 2654 sq.
615 2610 715 2645 delet
738 2611 899 2657 Lenting
1019 2616 1086 2646 943
1112 2619 1184 2647 τῶν
1209 2611 1356 2655 τρόπων
1382 2613 1530 2657 lteiska
1561 2614 1642 2650 fort.

122 2668 193 2696 τῶν
231 2668 379 2706 φρενῶν
512 2667 579 2697 944
612 2664 707 2709 ΧΟ.]
738 2664 776 2699 L.
809 2664 983 2710 Dindorf,
1019 2666 1166 2700 ΘΕΟΝ.
1201 2666 1278 2700 LG
1324 2669 1329 2708 Ι
1376 2666 1523 2709 οἰκτρὸν
1555 2668 1644 2711 LG,

122 2715 261 2758 οἰκτροὶ
292 2727 315 2760 9
435 2718 502 2749 945
534 2716 634 2761 τοὺς]
666 2716 869 2761 Hermann,
907 2723 971 2752 τοῦ
998 2718 1076 2753 LG
1197 2722 1264 2752 948
1297 2718 1378 2752 fort.
1412 2719 1456 2753 οὐ
1489 2719 1644 2763 δάκρυσι

122 2765 243 2812 τέγξαι
281 2766 447 2812 βλέφαρα
574 2772 641 2802 953
670 2766 752 2815 ’γὼ]
784 2770 938 2815 Porson,
976 2771 1016 2805 τὸ
1049 2772 1127 2805 LG
1168 2773 1172 2816 Ι
1213 2769 1412 2814 εὐανδρίας
1441 2784 1480 2817 9,
1519 2774 1643 2808 εὐδαι-

122 2818 253 2863 μονίας
284 2820 373 2864 LG,
407 2819 588 2866 εὐψυχίας
618 2821 804 2866 Tyrwhitt
923 2828 990 2858 955
1023 2822 1076 2870 γ’]
1109 2822 1146 2868 μ’
1182 2823 1316 2858 Reiske
1439 2829 1506 2860 957
1543 2826 1643 2861 delet

122 2871 253 2906 Nauck
