1929 3208
794 154 976 187 MHAEIA
1591 154 1642 194 21

298 259 371 302 καὶ
404 260 672 314 ξυμπερᾶναι
705 259 906 316 φροντίδ’
944 255 971 316 ἧ
1005 262 1306 315 φευξούμεθα,

299 334 450 372 παισίν
482 330 518 372 τ’
557 331 763 386 ἀφορμὴν
795 338 887 381 τοῖς
918 331 1052 386 ἐμοῖς,
1084 330 1175 374 ἐπεὶ
1208 333 1349 386 πατὴρ

299 400 431 444 οὐδὲν
464 408 652 458 προτιμᾷ
685 405 1026 458 μηχανήσασθαι
1056 402 1237 452 τέκνοις.

300 477 483 527 οἴκτειρε
517 472 557 515 δ’
592 474 771 523 αὐτούς·
803 473 875 515 καὶ
907 475 963 515 σύ
994 490 1061 516 τοι
1094 476 1265 516 παίδων
1297 476 1437 529 πατὴρ

297 544 512 597 πέφυκας·
545 545 660 593 εἰκὸς
692 542 731 585 δ’
769 542 888 586 ἐστὶν
921 544 1100 586 εὔνοιάν
1133 542 1169 586 σ’
1209 547 1333 599 ἔχειν.
1575 557 1643 587 345

296 615 464 669 τούμοῦ
495 615 578 668 γὰρ
611 615 664 656 οὔ
697 630 772 668 μοι
804 616 1006 669 φροντίς,
1039 616 1081 656 εἰ
1110 616 1414 669 φευξούμεθα,

295 689 468 735 κείνους
502 684 550 726 δὲ
581 688 716 727 κλαίω
749 691 957 740 συμφορᾷ
990 684 1294 742 κεχρημένους.

121 759 205 798 KP.
294 757 448 811 ἥκιστα
483 756 649 810 τούμὸν
681 754 780 810 λῆμ’
818 758 902 810 ε”φυ
933 759 1216 810 τυραννικόν,

294 828 557 881 αἰδούμενος
589 825 637 868 δὲ
668 827 809 869 πολλὰ
843 828 896 880 δὴ
931 826 1169 882 διέφθορα.

292 897 364 940 καὶ
395 905 479 940 νῦν
513 898 601 951 ὁρῶ
635 896 714 952 μὲν
746 898 1070 952 ἐξαμαρτάνων,
1106 900 1255 951 γύναι,
1574 912 1642 942 350

292 970 409 1024 ὅμως
441 967 488 1011 δὲ
520 970 648 1024 τεύξῃ
680 970 829 1011 τοῦδε·
873 969 1138 1023 προυννέπω
1172 970 1224 1012 δέ
1253 983 1344 1023 σοι,

292 1045 335 1082 ει”
362 1038 401 1082 σ’
439 1039 466 1094 ἡ
493 1039 672 1082 ’πιοῦσα
706 1041 875 1094 λαμπὰς
907 1041 1060 1090 ὄψεται
1090 1045 1204 1083 θεοῦ

291 1111 363 1154 καὶ
395 1113 557 1162 παῖδας
587 1111 711 1161 ἐντὸς
741 1112 873 1165 τῆσδε
905 1114 1132 1166 τερμόνων
1166 1115 1349 1167 χθονός,

292 1187 427 1238 θανῇ·
474 1181 668 1225 λέλεκται
700 1187 844 1236 μῦθος
876 1183 1070 1238 ἀψευδὴς
1103 1184 1188 1226 ὅδε.

292 1257 393 1306 [νῦν
426 1252 486 1306 δ’,
519 1255 559 1294 εἰ
588 1253 736 1306 μένειν
769 1255 849 1306 δεῖ,
883 1253 1003 1308 μίμν’
1042 1253 1110 1308 ἐφ’
1147 1254 1315 1310 ἡμέραν
1347 1259 1469 1310 μίαν·
1572 1268 1639 1298 355

290 1325 343 1366 οὐ
376 1325 459 1378 γάρ
490 1341 531 1366 τι
564 1325 739 1378 δράσεις
771 1326 920 1367 δεινὸν
954 1323 1016 1368 ὧν
1048 1329 1189 1380 φόβος
1220 1324 1264 1380 μ’
1301 1329 1418 1382 ἔχω]

113 1399 202 1438 ΧΟ.
291 1397 499 1448 [δύστανε
531 1396 703 1448 γύναι,]

289 1472 375 1521 φεῦ
407 1473 508 1520 φεῦ,
540 1465 671 1520 μελέα
703 1474 792 1508 τῶν
825 1474 916 1508 σῶν
949 1467 1102 1521 ἀχέων.

290 1545 369 1580 ποῖ
396 1552 500 1579 ποτε
532 1535 688 1592 τρέψῃς
721 1539 820 1579 τίνα
852 1539 961 1592 πρὸς
993 1538 1141 1589 ξενίαν

289 1607 314 1662 ἢ
348 1608 488 1662 δόμον
519 1606 546 1661 ἢ
578 1609 722 1662 χθόνα
755 1614 928 1662 σωτῆρα
960 1616 1105 1650 κακῶν
1567 1623 1636 1654 360

291 1678 572 1732 [ἐξευρήσεις]
582 1696 593 1728 ;

287 1750 344 1800 ὡς
376 1750 438 1799 εἰς
468 1750 637 1804 ἄπορόν
670 1761 718 1792 σε
749 1751 955 1793 κλύδωνα
986 1754 1112 1805 θεός,

289 1822 477 1875 Μήδεια,
510 1828 657 1863 κακῶν
689 1820 909 1876 ἐπόρευσε.

109 1895 215 1934 MH.
287 1899 428 1941 κακῶς
459 1891 700 1944 πέπρακται
731 1899 945 1947 πανταχῇ·
984 1896 1049 1942 τίς
1081 1894 1270 1947 ἀντερεῖ;

286 1961 380 2005 ἀλλ’
417 1963 512 2005 οὔτι
544 1963 678 2018 ταύτῃ
710 1969 867 2018 ταῦτα,
899 1965 957 2019 μὴ
991 1964 1177 2013 δοκεῖτέ,
1211 1981 1286 2008 πω.
1565 1980 1633 2011 365

286 2030 343 2076 ἔτ’
380 2030 459 2076 εἴσ’
497 2033 661 2088 ἀγῶνες
691 2041 783 2084 τοῖς
815 2033 973 2077 νεωστὶ
1004 2038 1214 2090 νυμφίοις

284 2104 357 2147 καὶ
387 2112 503 2147 τοῖσι
535 2105 802 2159 κηδεύσασιν
835 2106 889 2148 οὐ
922 2106 1098 2162 σμικροὶ
1129 2110 1271 2151 πόνοι.

284 2178 428 2226 δοκεῖς
458 2177 541 2231 γὰρ
574 2177 629 2218 ἄν
661 2192 713 2230 με
744 2178 873 2219 τόνδε
905 2181 1141 2221 θωπεῦσαί
1167 2194 1290 2233 ποτε,

201 2314 267 2345 341
296 2310 578 2356 ξυμπεράναιΒ
600 2312 604 2356 Ι
628 2305 665 2357 ᾗ]
693 2309 729 2346 οἶ
747 2311 911 2356 Elmsley
1009 2316 1077 2347 342
1103 2312 1209 2348 παισί
1234 2312 1267 2348 τ’
1292 2315 1378 2350 Ba2
1399 2318 1403 2359 Ι
1426 2330 1480 2361 γρ.
1503 2315 1631 2351 παισίν

105 2377 142 2399 τε
173 2363 319 2410 φορβήν
345 2365 386 2400 ιιι
422 2364 461 2398 in
492 2375 608 2410 marg.
754 2369 821 2399 343
861 2369 1039 2414 προτιμᾷ,
1081 2365 1371 2411 μηχανήσασθαί
1405 2382 1489 2404 τινα
1522 2368 1631 2405 Earle

152 2421 232 2452 344.
259 2421 326 2452 345
352 2419 438 2462 post
463 2421 530 2452 347
553 2417 713 2452 collocat
731 2418 773 2453 R.
789 2418 897 2453 Prinz
995 2423 1063 2454 345
1091 2419 1256 2464 spurium
1278 2424 1404 2456 censet
1425 2422 1466 2456 O.
1483 2422 1631 2457 Menzer

108 2471 112 2515 Ι
135 2468 170 2504 δ’
201 2481 270 2506 om.
291 2483 309 2506 c
331 2472 335 2515 Ι
358 2469 400 2506 δέ
425 2482 514 2515 σφιν
539 2470 670 2506 Vitelli
789 2476 855 2506 351
885 2473 957 2519 σοι]
986 2485 1023 2507 σε
1044 2473 1083 2507 Ε
1188 2477 1256 2507 354
1283 2477 1362 2509 θαν
1388 2487 1408 2510 >01
1435 2476 1468 2510 L
1494 2478 1596 2521 θανῇ
1618 2478 1630 2511 l

105 2527 184 2558 355.
212 2528 280 2558 356
307 2523 418 2559 eiecit
442 2523 575 2559 Nauck
685 2529 752 2559 356
779 2525 927 2569 δράσεις
945 2527 1034 2573 ES]
1062 2525 1218 2570 δράσαις
1238 2540 1256 2562 ν
1277 2527 1282 2573 Ι
1306 2527 1436 2563 sch01.:
1465 2527 1630 2573 Δίδυμος

104 2575 194 2620 μετὰ
219 2582 326 2611 τοῦτο
353 2575 456 2621 φέρει
481 2577 522 2612 τὸ
550 2580 656 2624 ,,σιγῇ
683 2576 820 2622 δόμους
845 2578 1000 2625 εἰσβᾶσ’,
1028 2578 1077 2615 ἵν’
1109 2579 1282 2623 ἔστρωται
1308 2580 1433 2626 λέχοςιι
1458 2582 1519 2616 καὶ
1541 2580 1627 2626 μέμ-

104 2642 213 2674 φεται
248 2635 325 2670 τοῖς
358 2629 575 2674 ὑποκριταῖς
609 2632 656 2671 ὡς
690 2629 853 2675 ἀκαίρως
887 2633 1002 2668 αὐτὸν
1035 2633 1232 2668 τάσσουσιν
1382 2638 1448 2668 357
1492 2645 1561 2669 om.
1590 2635 1626 2678 S,

103 2682 243 2718 delevit
268 2681 412 2718 Seidler
554 2687 622 2719 359
654 2680 890 2728 πρῧ*ξενίαν
910 2699 932 2721 ιι
970 2685 1170 2730 προξενίαν
1191 2687 1227 2721 Ρ
1362 2691 1431 2721 360
1458 2686 1582 2731 δόμων
1602 2689 1631 2724 S

103 2735 234 2780 (δόμον
261 2737 285 2781 Z)
431 2740 496 2770 361
537 2736 659 2772 delevi
693 2740 805 2782 (‚‚non
835 2739 932 2774 male
965 2740 1112 2774 abesset
1144 2739 1369 2783 ἐξευρήσεις“
1402 2739 1578 2786 Elmsley)

103 2793 171 2824 363
197 2788 394 2832 ἐπόρευσεν
414 2789 448 2824 L
592 2794 660 2825 364
685 2798 876 2837 πανταχοῦ
902 2792 1034 2828 Christ.
1061 2796 1138 2838 pat.
1163 2797 1251 2827 1063
1398 2797 1464 2827 365
1491 2807 1569 2834 πως
1590 2795 1626 2829 Β

103 2854 176 2877 που
207 2841 340 2878 Christ.
374 2844 449 2887 pat.
478 2846 545 2877 253
577 2843 639 2887 (μὴ
672 2844 715 2878 σύ
741 2857 813 2880 που
840 2844 956 2890 δόκει)
1079 2850 1145 2880 367
1175 2847 1320 2890 σμικροὶ
1342 2846 1388 2893 S]
1415 2847 1539 2891 μικροὶ
1558 2860 1578 2882 7·

103 2898 171 2930 368
197 2895 244 2931 ἄν
271 2906 339 2931 om.
361 2896 425 2941 El
448 2896 552 2942 ποτε]
578 2895 661 2931 ποτ’
691 2896 738 2932 ἄν
759 2897 788 2932 S
