1929 3208
289 172 332 211 1-1
910 172 1179 204 lemnum*

458 279 483 319 ἁ
517 277 563 320 δὲ·
597 277 800 333 χρυσέοις
831 280 1016 333 θρόνοις

459 351 567 399 ,Ιιὸς
600 349 907 404 ὑπαγκάλισμα
939 351 1102 403 σεμνὸν
1124 348 1240 404 “Ilpa

458 422 535 462 τὸν
568 421 776 462 ὠκύπουν
810 422 971 475 ἔπεμψε
1006 420 1211 470 Μαιάδος
1243 422 1393 475 γόνον,

459 493 506 542 ὃς
539 507 589 546 με
623 491 781 545 χλοερὰ
815 489 1092 546 δρεπομέναν
1125 493 1209 533 ἔσω
1242 490 1417 533 πέπλων

460 562 593 617 ῥόδεα
625 560 803 612 πέταλα,
836 564 1089 617 χαλκίοικον
1122 562 1180 612 ὡς
1208 560 1404 604 Ἀθάναν
1738 573 1807 603 245

460 631 653 688 μόλοιμ’,
687 633 943 688 ἀναρπάσας
976 631 1033 675 δι’
1071 633 1251 689 αἰθέρος

462 705 593 747 τάνδε
626 711 757 758 γαῖαν
789 705 850 754 είς
881 705 1075 759 ἄνολβον

463 779 557 830 ἔριν
591 777 685 830 ἔριν
716 775 928 817 τάλαιναν
962 777 1090 817 ἔθετο

460 848 780 902 Πριαμίδαισιν
807 843 1028 897 Ἑλλάδος.

462 919 510 960 τὸ
545 916 585 960 δ’
622 918 727 973 ἐμὸν
760 919 898 973 ’ὄνομα
930 919 1047 972 παρὰ
1079 920 1360 973 Σιμουντίοις
1391 918 1537 973 ῥοαῖσι
1740 930 1809 960 250

462 991 675 1045 μαψίδιον
708 992 793 1045 ἔχει
826 990 971 1044 φάτιν.

288 1107 376 1146 XO.
464 1105 574 1157 ἔχεις
605 1100 685 1157 μὲν
718 1101 900 1156 ἀλγείν’,
935 1099 1051 1144 οἶδα·
1086 1104 1320 1158 σύμφορον
1354 1102 1405 1145 δέ
1433 1119 1501 1144 τοι

461 1175 518 1223 ὡς
551 1173 689 1230 ῥᾷστα
721 1173 962 1227 τάναγκαῖα
994 1179 1073 1215 τοῦ
1106 1175 1208 1227 βίου
1240 1173 1402 1228 φέρειν.

282 1248 374 1286 ΕΛ.
460 1246 585 1298 φίλαι
618 1251 836 1298 γυναῖκες,
868 1246 955 1285 τίνι
987 1246 1135 1300 πότμῳ
1169 1245 1432 1299 συνεζύγην;
1741 1255 1808 1285 255

459 1311 528 1369 ἆρ’
563 1315 589 1369 ἡ
622 1315 808 1358 τεκοῦσά
841 1313 884 1369 μ’
923 1317 1067 1357 ἔτεκεν
1100 1315 1357 1370 ἀνθρώποις
1389 1315 1535 1370 τέρας;

459 1386 592 1440 [γυνὴ
625 1387 708 1439 γὰρ
742 1383 844 1428 οὔθ’
875 1384 1075 1440 Ἑλληνὶς
1109 1387 1208 1428 οὔτε
1240 1386 1461 1441 βάρβαρος

460 1463 613 1512 τεῦχος
644 1464 844 1499 νεοσσῶν
877 1458 1035 1499 λευκὸν
1067 1457 1354 1512 ἐκλοχεύεται,

463 1528 510 1570 ἐν
543 1523 576 1585 ᾧ
609 1544 659 1582 με
693 1529 849 1582 Λήδαν
882 1526 1019 1583 φασὶν
1051 1528 1098 1570 ἐκ
1129 1529 1240 1578 Διὸς
1271 1530 1443 1581 τεκεῖν]

459 1598 586 1653 τέρας
617 1599 700 1652 γὰρ
734 1598 756 1640 ὁ
790 1601 887 1652 βίος
918 1597 990 1640 καὶ
1022 1600 1074 1640 τὰ
1105 1596 1322 1654 πράγματ’
1359 1599 1453 1641 ε’στί
1481 1614 1580 1654 μου,
1741 1609 1809 1640 260

459 1670 512 1710 τὰ
544 1667 624 1723 μὲν
657 1665 715 1711 δι’
742 1668 900 1725 ΓἨραν,
931 1671 983 1711 τὰ
1017 1668 1064 1711 δὲ
1096 1670 1144 1711 τὸ
1177 1669 1336 1720 κάλλος
1368 1674 1520 1711 αἴτιον.

459 1738 546 1782 εἴθ’
583 1739 876 1794 ἐξαλειφθεῑσ’
915 1741 972 1790 ὡς
1004 1738 1161 1795 ἄγαλμ’
1198 1737 1331 1791 αὖθις
1362 1739 1497 1782 πάλιν

460 1816 633 1866 αἴσχιον
666 1808 783 1861 εἶδος
815 1810 913 1852 ἀντὶ
944 1817 1024 1853 τοῦ
1055 1814 1192 1853 καλοῦ
1214 1811 1392 1866 ”λαβον,

460 1882 532 1924 καὶ
563 1883 638 1932 τὰς
669 1883 801 1937 τύχας
832 1879 912 1937 μὲν
943 1883 1019 1932 τὰς
1050 1883 1184 1932 κακὰς
1216 1881 1265 1932 ἃς
1296 1889 1381 1925 νῦν
1413 1884 1495 1937 ἔχω

450 1953 660 2008 ’Έλληνες
692 1952 979 2008 ἐπελάθοντο,
1011 1954 1086 2003 τὰς
1119 1951 1167 1995 δὲ
1199 1954 1256 2008 μὴ
1289 1954 1423 2003 κακὰς
1741 1963 1809 1994 265

462 2027 624 2081 ἔσῳζον
657 2025 802 2079 ὥσπερ
834 2025 910 2074 τὰς
941 2026 1075 2075 κακὰς
1107 2023 1300 2081 σῴζουσί
1328 2041 1425 2080 μου.

460 2097 578 2146 ὅστις
609 2093 689 2151 μὲν
722 2092 804 2138 οὖν
836 2095 879 2146 ἐς
910 2097 1015 2150 μίαν
1046 2094 1308 2150 ἀποβλέπων
1339 2096 1476 2151 τύχην

458 2169 568 2221 πρὸς
598 2172 719 2209 θεῶν
749 2172 972 2220 κακοῦται,
1005 2169 1120 2222 βαρὺ
1151 2165 1246 2222 μέν,
1281 2166 1453 2209 οἰστέον
1487 2165 1527 2208 δ’
1565 2167 1698 2222 ὅμως·

460 2238 583 2293 ἡμεῖς
616 2235 664 2279 δὲ
695 2242 877 2288 πολλαῖς
909 2245 1158 2293 συμφοραῖς
1191 2237 1437 2292 ἐγκείμεθα.

461 2317 636 2364 πρῶτον
669 2307 749 2363 μὲν
782 2309 861 2351 οὐκ
893 2306 989 2352 οὖσ’
1025 2310 1190 2363 ἄδικος,
1223 2307 1313 2363 εἰμὶ
1346 2311 1577 2363 δυσκλεής·
1741 2319 1809 2350 270

460 2379 532 2422 καὶ
563 2387 694 2422 τοῦτο
727 2383 874 2435 μεῖζον
905 2386 981 2434 τῆς
1013 2379 1224 2434 ἀληθείας
1256 2382 1407 2434 κακόν,

462 2452 580 2501 ὅστις
611 2452 663 2493 τὰ
694 2452 751 2505 μὴ
784 2452 1006 2507 προσόντα
1039 2449 1238 2506 κέκτηται
1271 2450 1392 2493 κακά.

380 2603 446 2632 241
475 2597 515 2644 ἁ]
543 2597 710 2641 Dindorf,
738 2597 769 2631 εἱ
795 2597 865 2642 Lfl‘y
892 2598 914 2640 l,
942 2597 974 2631 εἱ
1002 2597 1034 2631 G
1142 2601 1208 2631 243
1235 2597 1371 2642 μεάδος
1398 2598 1431 2631 G
1537 2600 1605 2630 245
1620 2607 1672 2640 sq.
1698 2593 1810 2629 πέτλα

284 2652 374 2695 LG,
399 2650 538 2686 πέταλα
559 2652 608 2697 ly.
647 2651 772 2685 Verba
798 2649 1011 2696 χαλκίοικον
1032 2679 1039 2686 .
1062 2680 1068 2686 .
1090 2649 1234 2696 μόλοιμ’
1265 2651 1366 2685 delet
1384 2649 1545 2684 Dindorf
1629 2653 1696 2683 252
1723 2649 1808 2693 σύμ-

285 2718 405 2749 φορον
431 2705 522 2749 LG,
548 2703 736 2749 συμφέρον
764 2705 775 2738 l
809 2706 813 2750 Ι
846 2705 919 2750 τοι]
946 2705 983 2738 L.
1011 2704 1186 2748 Dindorf⁷
1212 2716 1268 2738 σοι
1294 2704 1373 2738 LG
1484 2707 1647 2737 257—59
1674 2701 1811 2736 delevit

284 2758 453 2792 Badham
539 2762 607 2792 260
633 2757 750 2801 κάρτα
771 2758 860 2801 LG‚
887 2759 950 2792 καὶ
975 2757 1019 2792 τὰ
1047 2759 1087 2803 ly
1110 2759 1114 2802 Ι
1137 2771 1207 2802 μου
1227 2758 1317 2801 LG,
1343 2770 1404 2801 μοι
1425 2757 1437 2790 l
1521 2759 1683 2790 261—66
1710 2754 1810 2789 delet

285 2811 428 2856 Goguel
538 2816 603 2845 261
632 2811 742 2851 κάλος
770 2812 814 2855 G,
840 2810 971 2850 κάλλος
995 2823 1018 2856 y
1127 2815 1193 2845 263
1214 2808 1363 2856 ”λαβον]
1390 2811 1539 2854 Porson,
1567 2810 1693 2855 λαβεῖν
1719 2808 1809 2851 LG,

284 2864 382 2910 λάβω
409 2867 446 2898 et
471 2865 510 2898 in
528 2876 644 2910 marg.
666 2879 718 2910 γρ.
740 2863 838 2910 λάβω
859 2865 871 2898 Ζ
957 2869 1025 2898 264
1044 2863 1110 2904 τὰς
1134 2864 1262 2910 τύχας]
1289 2862 1472 2908 κληδόνας
1491 2863 1529 2898 F.
1551 2862 1618 2897 Gu.
1641 2861 1810 2896 Schmidt

381 2923 447 2953 264
475 2921 512 2953 et
538 2922 604 2952 265
631 2918 748 2958 κακὰς
774 2917 812 2952 in
842 2929 966 2963 apogr.
995 2917 1124 2962 Paris„
1151 2917 1266 2957 καλὰς
1292 2916 1370 2952 LG
