1929 3208
764 135 1009 170 APPENDIX
1610 139 1666 181 33

103 245 258 287 πλησθῶ
296 243 332 278 F.
355 243 421 278 Gn.
445 243 629 285 Schmidt,
665 243 714 283 ὡς
750 241 796 278 ἂν
834 244 1039 287 εὐφρανθῶ
1073 243 1247 288 Blaydes,
1282 242 1330 283 ὥς
1368 244 1404 277 σ’
1437 243 1667 288 ἀναμνησθῶ

104 296 269 331 Jurenka
346 300 410 331 153
432 297 480 337 ὡς
499 296 615 342 καλὴν
635 296 784 341 μορφὴν
805 296 950 338 Reiske,
977 302 1101 341 γεῦσιν
1128 297 1176 336 ὡς
1195 296 1312 342 καλὴν
1333 296 1376 331 cl.
1399 297 1513 332 Bekk.
1530 298 1666 332 Anecd.

104 361 138 393 p.
161 353 216 390 87,
245 354 285 384 31
314 350 492 395 γεύεσθαι
518 350 560 385 οὒ
587 348 703 394 μόνον
730 349 790 384 ἐπὶ
815 355 880 384 τοῦ
907 348 1061 394 ἐσθίειν,
1087 349 1177 384 ἀλλὰ
1203 350 1266 384 καὶ
1293 350 1353 384 ἐπὶ
1378 356 1443 385 τοῦ
1470 350 1667 395 ὀσφραίνε-

105 405 208 446 σθαί,
235 403 282 443 ὡς
309 403 348 437 ἐν
374 409 422 450 τῷ
455 401 522 450 βίῳ
554 404 732 448 γεύεσθαι
763 403 898 448 μύρων.
951 401 1158 448 Εὐριπίδης
1184 403 1360 438 Κύκλωπι
1386 404 1593 446 Hermann,
1621 405 1668 444 ὡς
1711 426 1718 434 s

103 456 219 501 καλὴν
255 455 381 500 ἄνθην
417 467 624 500 anonymus
723 460 789 491 154
822 455 938 496 εἷλκες
972 456 1042 501 γὰρ
1078 457 1209 491 Nauck
1310 461 1375 491 155
1408 455 1518 504 πίνῃς
1552 456 1667 503 μόνον

104 509 270 554 Scaliger
368 513 432 544 157
461 510 510 544 ἀᾶ
538 509 700 544 Dindorf
788 514 854 544 158
879 516 944 545 τοῦ
970 510 1151 555 λάρυγγος
1177 509 1334 553 Blaydes
1358 511 1361 555 Ι
1385 511 1603 553 διεκάναξεν
1624 512 1667 546 οὐ

103 564 239 605 καλῶς;
266 563 332 596 aut
358 561 555 605 διεκάναξέ
581 574 646 598 σου
667 569 806 606 κακῶς;
834 564 873 598 O.
899 563 1097 598 Buchwald

164 619 229 650 162
256 613 368 659 τυρόν
394 617 469 650 τιν’
496 615 517 661 ι)
543 617 666 661 μήλων
693 616 808 662 βοράν
836 616 906 661 (vel
932 614 1043 660 κρέας
1069 616 1124 651 vel
1151 615 1255 661 κρέα)
1284 616 1443 660 Blaydes
1519 622 1584 653 163
1612 620 1666 663 γε]

102 674 176 703 τῶν
203 668 393 703 Hermann
493 673 558 704 164
586 669 728 704 ἐκπιεῖν
767 668 814 703 ἂν
849 670 981 704 κύλικα
1016 668 1216 715 βουλοίμην
1252 670 1388 705 Aldina
1410 673 1414 715 Ι
1438 669 1509 705 κᾶν
1536 672 1667 706 κύλικα

103 721 217 766 Paley
239 724 244 766 Ι
267 720 338 757 κᾶν
364 722 496 756 κύλικα
521 721 701 768 μαίνομαι
727 722 794 757 Gu.
823 722 972 757 Sehmid
995 725 999 768 Ι
1022 722 1212 768 μαιοίμην,
1237 729 1323 768 μιᾶς
1349 724 1387 759 F.
1409 725 1476 758 Gu.
1499 725 1668 759 Schmidt

164 780 230 810 164
256 787 334 820 sqq.
362 775 500 811 ἐκπιὼν
527 778 564 811 et
590 787 672 810 cum
703 776 911 821 Hartungio
938 776 985 821 μὴ
1013 776 1197 820 ἀντιδοὺς,
1223 788 1308 811 mox
1335 775 1450 822 ῥίψας
1479 777 1671 812 Kirchhoff

163 832 228 863 166
256 827 403 863 πίπτειν
443 830 481 864 δ’
520 829 556 870 ἐς
593 830 781 874 Hartung,
822 828 974 875 ῥ’ίιΙ)αιμι
1009 830 1047 864 δ’
1083 829 1119 869 ἐς
1146 830 1187 864 R.
1209 829 1355 864 Schenk
1385 831 1388 876 Ι
1418 830 1596 871 λευκάὸος
1628 831 1667 865 ἐκ

101 880 237 926 πέτρας
274 881 402 917 θέλοιν
430 883 466 916 L.
489 882 658 917 Schmidt
680 884 684 927 Ι
708 882 797 928 ἄπο]
834 883 929 916 κάτα
962 883 1186 918 Herwerden
1284 887 1350 918 167
1378 885 1596 928 καταχαλῶν
1631 898 1668 918 τε

103 946 308 980 anonymus
408 940 473 970 169
500 931 668 979 τᾶρθρον
704 936 877 979 Hartung
899 937 903 980 Ι
926 934 1033 971 τοῦτό
1070 936 1108 980 γ’
1136 934 1255 979 ὀρθὸν
1291 936 1347 971 vel
1386 936 1448 972 ἵνα
1483 943 1591 972 τοῦτο
1627 936 1667 973 τὸ

100 987 189 1028 πέος
215 987 334 1032 ὀρθὸν
361 988 437 1023 ἔστ’
464 988 662 1023 ἀνιστάναι
690 988 848 1033 Blaydes

163 1047 229 1076 170
255 1040 594 1086 περισκεπασμένου
621 1040 1006 1087 (περιεσκεπασμένου)
1032 1042 1178 1086 Jacobs,
1205 1042 1558 1088 παρεσκεπασμένου
1580 1045 1667 1079 Hel·-

101 1108 228 1139 maun,
263 1094 609 1140 παρεσκευασμένον
645 1095 803 1139 Blaydes
914 1099 978 1129 172
1007 1098 1107 1141 λῆσις
1146 1096 1312 1141 Scaliger
1343 1100 1348 1142 Ι
1380 1098 1422 1132 οὐ
1462 1098 1668 1143 κυνήσομαι

102 1149 294 1192 Matthiae,
322 1149 364 1183 οὐ
391 1149 598 1193 κυκήσομαι
618 1148 779 1193 Blaydes
878 1153 945 1183 174
972 1147 1097 1195 μέσον]
1126 1148 1242 1194 μόνον
1271 1150 1431 1195 Blaydes

161 1205 228 1237 180
255 1202 492 1246 διεκορήσατ’
519 1202 607 1237 olim
642 1202 793 1237 Florens
830 1202 1079 1245 Christianus,
1115 1204 1379 1247 ὃιακορεύσατ’
1412 1204 1573 1249 Blaydes

103 1259 165 1291 181
195 1254 275 1290 ἐπεί
311 1255 366 1301 γε]
405 1254 484 1300 ἥτις
522 1269 560 1300 γε
600 1255 760 1299 Blaydes
792 1257 797 1300 1
829 1267 974 1291 versum
1014 1256 1114 1291 delet
1152 1257 1402 1292 Wilamowitz
1504 1262 1569 1293 185
1597 1256 1667 1294 εἶτ’

102 1309 267 1354 ἐπτοήθη
295 1307 490 1343 ΒΙενέλεων
517 1309 665 1352 ἀνδρῶν
692 1309 783 1343 πολὺ
812 1309 972 1354 Blaydes

164 1366 225 1397 191
256 1360 432 1408 φέρεσθε]
472 1360 678 1405 φθείρεσθε
718 1362 878 1406 Blaydes
984 1363 1073 1398 Post
1108 1367 1174 1397 192
1212 1375 1357 1398 versum
1398 1365 1515 1399 Ulixis
1555 1366 1667 1401 inter-

101 1415 236 1450 cidisse
262 1417 372 1460 putat
398 1415 611 1450 Heimsoeth
706 1419 772 1449 193
800 1416 910 1451 choro
936 1416 1069 1451 tribuit
1095 1416 1284 1451 Hermann
1379 1422 1444 1452 194
1470 1419 1554 1466 γὰρ]
1582 1419 1668 1463 τᾶρ’

101 1468 274 1514 Hartung
373 1472 438 1503 195
466 1468 550 1503 εἴσω
578 1468 762 1514 Dindorfl
785 1469 936 1505 λάθοιτ’
966 1470 1052 1510 ἴσως
1079 1470 1286 1514 Kirchhoff,
1323 1470 1476 1507 λάθοιτέ
1500 1485 1551 1519 πῃ
1578 1473 1667 1508 Her-

101 1522 260 1564 werden,
286 1520 440 1557 λάθοιτέ
465 1535 524 1567 νιν
550 1522 608 1557 vel
633 1521 747 1557 λάθοι
772 1535 826 1562 τις
852 1522 899 1558 ἄν
920 1523 1081 1568 Blaydes
1157 1527 1221 1558 197
1249 1530 1321 1559 ποῦ
1343 1524 1485 1570 ὃεινόν;
1512 1526 1666 1570 Dobree,

100 1574 136 1610 τί
162 1573 304 1619 ὃεινόν;
331 1575 420 1610 olim
446 1575 580 1610 Nauck
679 1579 746 1610 198
771 1575 818 1610 τὰ
843 1576 973 1622 μεγάλ’
1000 1575 1047 1612 ἂν
1073 1577 1096 1622 ἡ
1123 1577 1286 1622 Duport,
1321 1577 1389 1613 τᾶν
1416 1580 1546 1625 μεγάλ’
1572 1579 1618 1615 ἂν
1645 1581 1667 1626 ἡ

100 1628 243 1671 Nauck,
270 1627 338 1664 τᾶν
364 1628 503 1674 μεγάλα
529 1629 574 1674 χή
600 1628 715 1673 Paley
815 1633 880 1664 199
907 1629 1024 1678 μυρίῳ
1051 1631 1090 1665 δ’
1118 1629 1211 1677 ὄχλῳ
1237 1631 1397 1676 Blaydes

159 1686 226 1717 201
254 1682 424 1728 εὐγενῶς]
445 1683 600 1722 εὐκλεῶς
625 1682 786 1726 Blaydes
883 1687 950 1718 202
977 1682 1137 1728 παρόντ’
1163 1682 1203 1718 εὗ
1229 1685 1271 1719 Α.
1294 1684 1462 1720 Schmidt
1483 1689 1488 1731 Ι
1510 1686 1667 1730 πάροιθ’

102 1735 309 1781 ἐκσώσομεν
347 1735 545 1770 Kirchhoff
565 1735 786 1781 (ἐκσώσομεν
812 1736 886 1771 iam
922 1737 1089 1781 Reiske),
1125 1737 1244 1781 πάρος
1269 1751 1307 1783 γε
1335 1739 1497 1783 σώσομεν
1522 1739 1666 1784 Nauck,

99 1789 218 1834 πάρος
243 1790 473 1834 συσσώσομεν
499 1789 541 1823 R.
565 1788 722 1831 Schenk,
749 1789 868 1834 πάρος
894 1791 939 1836 δὴ
965 1791 1165 1836 ’κσώσομεν
1193 1790 1353 1826 Schenkl
1375 1794 1380 1840 Ι
1402 1803 1547 1827 versum
1568 1793 1668 1828 delet

99 1842 352 1878 Wilamowitz
450 1845 517 1876 203
544 1840 599 1882 τίς
633 1842 655 1887 ἡ
689 1842 860 1888 θυμηδία
891 1844 1026 1879 Nauck
1124 1848 1192 1879 204
1219 1845 1285 1890 οὐχ
1321 1845 1340 1880 ὁ
1373 1843 1556 1886 Διόνυσος
1581 1847 1667 1881 Por-

99 1906 166 1930 son
262 1899 330 1931 205
356 1895 556 1940 τυμπάνων
591 1908 628 1930 τε
654 1896 846 1941 κρούματα
881 1898 930 1943 (τ’
957 1897 1210 1942 ἀλαλάγματα)
1237 1898 1396 1942 Blaydes
1479 1903 1547 1934 206
1573 1901 1665 1947 πῶς]

99 1954 172 1983 ποῦ
205 1948 366 1993 Blaydes
389 1950 393 1992 Ι
417 1948 519 1995 (τὰ)
546 1945 705 1993 νεόγονα
736 1950 880 1995 Kayser
976 1954 1043 1985 207
1071 1948 1163 1994 πρός
1188 1964 1228 1995 γε
1250 1979 1256 1985 .
1280 1981 1286 1986 .
1309 1979 1316 1986 .
1337 1952 1430 1987 εἰσιν
1462 1951 1484 1997 ἢ
1509 1952 1568 1987 ’θ’
1594 1951 1666 1989 ὑπὸ

99 2001 281 2037 Wieseler
302 2003 307 2046 Ι
330 2001 423 2036 εἰσὶν
449 2000 471 2046 ἢ
497 1999 570 2037 ὑπὸ
596 2001 759 2047 Lenting
844 2007 911 2039 209
937 2004 1073 2050 τυρῶν]
1100 2010 1246 2048 ταρρῶν
1273 2004 1454 2040 Wieseler

160 2058 226 2089 217
254 2052 295 2100 γε’
320 2055 373 2101 6']
401 2055 437 2089 6’
475 2053 521 2089 ἂν
558 2054 690 2090 Nauck
788 2060 855 2091 219
882 2057 930 2097 ὡς
964 2056 1011 2093 ἂν
1038 2057 1190 2092 Florens
1218 2057 1462 2101 Christianus,
1499 2057 1522 2093 δ’
1554 2059 1593 2104 γ’
1619 2057 1666 2094 ἂν

100 2108 356 2151 Casaubonus,
390 2105 432 2142 οὗ
459 2109 498 2153 γ’
525 2106 572 2142 ἂν
598 2108 752 2152 Reiske,
789 2108 870 2145 οἷον
896 2110 1022 2156 Paley,
1049 2107 1100 2145 ὧν
1121 2108 1169 2146 ἂν
1197 2111 1329 2146 Kaibel
1352 2113 1356 2156 Ι
1380 2111 1426 2146 ἃν
1453 2111 1596 2160 ἀνθέλῃ
1623 2113 1666 2148 σύ

100 2160 169 2196 Gu.
197 2160 348 2196 Schmid

159 2218 227 2249 220
253 2212 334 2249 ἐπεί
358 2212 399 2259 γέ
423 2214 464 2259 μ’
490 2214 530 2249 ἐν
556 2214 705 2258 Barnes,
733 2213 812 2250 ἐπεί
836 2214 905 2251 τᾶν
932 2215 971 2251 ἐν
991 2217 1130 2263 Reisig,
1158 2216 1239 2253 ἐπεί
1262 2231 1320 2253 τοι
1344 2218 1416 2253 κᾶν
1436 2218 1559 2263 Paley,
1588 2219 1666 2254 ἐπεὶ

98 2267 167 2303 τάν
192 2268 234 2313 μ’
261 2268 300 2303 ἐν
321 2267 480 2312 Blaydes
555 2271 623 2302 223
649 2267 854 2314 προσέσχον
874 2269 931 2305 vel
950 2270 1059 2315 τήνδ’
1080 2270 1187 2316 ἔσχον
1208 2271 1369 2316 Blaydes
1444 2276 1511 2307 225
1533 2273 1667 2317 σώματ’

99 2319 413 2366 ἐμπεπλεγμένους
437 2321 599 2365 Blaydes
697 2326 764 2356 226
792 2329 979 2369 συμμιγῶν
1005 2323 1245 2359 Halbertsma
1267 2327 1271 2370 Ι
1294 2326 1346 2372 τε]
1375 2325 1415 2360 δὲ
1442 2325 1577 2361 Kaibel

101 2377 167 2409 227
194 2373 318 2419 πνίγει
341 2371 541 2418 πρόσωπον
567 2374 605 2409 F.
627 2374 694 2410 Gru.
716 2374 886 2411 Schmidt

159 2430 226 2461 232
253 2427 393 2472 ἔφρουν
418 2427 627 2472 Musgrave,
654 2428 738 2464 fort.
766 2428 900 2473 ἔφερον
924 2431 928 2475 Ι
950 2430 1011 2477 τά]
1046 2430 1092 2466 σὰ
1116 2431 1282 2466 Mancini
1380 2435 1448 2466 232
1475 2443 1527 2476 sq.
1555 2429 1666 2476 ἐφρό-

99 2492 191 2514 νουν
212 2509 218 2515 .
241 2509 248 2515 .
272 2509 277 2515 .
299 2479 441 2516 ἐσθίειν
455 2479 637 2515 Wieseler
709 2485 777 2516 233
802 2488 875 2518 τῶν
889 2496 928 2528 γε
941 2489 1062 2528 τυρῶν
1076 2484 1275 2519 Markland
1350 2488 1418 2519 234
1444 2484 1665 2529 ἐξεφροῦντο

100 2533 294 2578 Musgrave
375 2537 443 2568 235
470 2533 538 2573 κάς
569 2531 634 2569 τὸν
661 2533 829 2578 ὀμφαλὸν
856 2536 1021 2582 Scaliger
1102 2538 1191 2572 Post
1218 2541 1285 2572 235
1312 2538 1498 2582 quaedam
1525 2539 1665 2582 perisse

99 2587 210 2630 putat
240 2586 465 2622 Herwerden
562 2590 630 2621 236
657 2586 905 2633 ἐξανήσεσθαι
939 2590 978 2625 O.
1001 2590 1138 2625 Goram
1234 2594 1302 2626 236
1329 2602 1381 2635 sq.
1409 2590 1666 2635 ἐξαμήσασθαι

101 2637 211 2674 σέθεν
234 2668 240 2674 .
263 2668 269 2673 .
292 2669 298 2674 .
320 2638 551 2684 ἀποθλίψειν
578 2638 641 2688 βίᾳ
668 2640 836 2687 Scaliger
908 2646 975 2677 237
1002 2643 1047 2678 τὰ
1074 2643 1264 2689 σπλάγχνα
1289 2644 1326 2678 τ’
1353 2645 1405 2688 (et
1431 2646 1544 2679 antea
1570 2639 1666 2691 κᾷτα

98 2689 164 2727 τὸν
199 2691 398 2738 ὀφθαλμὸν
433 2691 558 2738 μέσον)
585 2693 673 2728 olim
701 2694 834 2730 Nauck
856 2697 861 2740 Ι
885 2696 1120 2741 ἀποδρύψειν
1147 2697 1405 2740 Casaubouus,
1442 2695 1664 2743 ἀποτρίψειν

100 2744 169 2779 Fix
265 2749 332 2780 239
359 2745 586 2791 ἐμπολῶντες
610 2746 650 2781 Ε.
673 2747 711 2781 Β.
734 2747 907 2793 England
929 2751 935 2794 Ι
958 2747 1175 2785 ἀποδόσθαι
1194 2749 1310 2794 Paley

160 2801 228 2833 240
253 2797 276 2843 ἢ
301 2799 436 2843 μυλῶν’
462 2799 577 2840 ἀκτὰς
603 2800 705 2835 ἀλεῖν
730 2800 939 2847 Musgrave,
966 2801 988 2847 ἢ
1014 2804 1163 2847 μυλῶνα
1182 2803 1406 2849 καταλαβεῖν
1426 2803 1607 2839 Wieseler

100 2854 167 2885 241
194 2850 305 2896 τάχος
329 2851 366 2886 τ’
391 2852 588 2898 Musgrave
685 2857 752 2889 242
779 2854 908 2899 θήξεις
939 2853 1056 2904 πέτρᾳ
1089 2868 1127 2891 τε
1159 2856 1354 2901 πάμμεγαν
1381 2857 1605 2893 Hei-werden

170 2922 376 2955 Euripidis
397 2923 533 2956 cyclops.
558 2924 613 2952 Ed.
624 2925 677 2952 alt.
1359 2931 1380 2962 3
