1929 3208
759 142 823 174 m
830 140 974 174 ΚΑΩΨ
1594 134 1650 176 25

148 258 239 298 ΚΤ.
302 251 328 296 ἆ
360 250 407 307 ἆ,
438 253 482 293 τί
512 251 705 305 δράσεις;
738 251 815 291 ΣΙ.
846 247 985 302 ἡδέως
1015 246 1244 301 ἠμύστισα.
1580 251 1648 282 565

147 328 239 368 ΚΤ.
303 322 417 377 λάβ’,
449 319 482 364 ὦ
515 321 620 375 ξέν’,
652 320 783 370 αὐτὸς
815 319 1013 373 οἰνοχόος
1044 316 1094 359 τέ
1121 332 1195 370 μοι
1225 320 1370 369 γενοῦ.

96 451 101 456 ι
149 399 240 438 ΟΔ.
302 394 589 449 γιγνώσκεται
621 398 732 446 γοῦν
762 392 788 446 ἡ
822 391 1010 443 ἄμπελος
1042 388 1153 442 τήμῇ
1186 387 1290 442 χερί.

148 470 240 510 ΚΤ.
303 462 401 520 φέρ’
433 462 586 519 ἔγχεόν
617 479 713 505 νυν.
779 464 870 503 ΟΔ.
904 460 1057 515 ἐγχέω,
1090 460 1191 512 σίγα
1222 458 1373 511 μόνον.

147 541 240 580 ΚΤ.
302 537 493 591 χαλεπὸν
525 534 615 577 τόδ’
647 530 789 587 εἶπας,
821 533 940 581 ὅστις
972 530 1026 572 ἂν
1058 531 1135 587 πίῃ
1167 528 1321 570 πολύν.

147 611 238 650 ΟΔ.
303 607 401 648 ἰδοὺ
435 606 582 660 λαβὼν
614 603 765 647 ἔκπυθι
795 603 868 645 καὶ
899 602 1036 656 μηδὲν
1070 602 1208 658 λίπῃς.
1584 605 1653 637 570

303 681 600 720 συνεκθανεῖν
633 675 681 718 δὲ
714 682 892 717 σπῶντα
923 673 1003 727 χρὴ
1036 678 1095 729 τῷ
1127 671 1308 723 πώματι.

148 753 242 793 ΚΤ.
303 755 464 802 παπαῖ,
496 748 640 802 σοφόν
671 761 720 801 γε
751 746 800 788 τὸ
834 744 967 795 ξύλον
999 750 1075 798 τῆς
1107 740 1315 795 ἀμπέλου.

148 824 238 863 ΟΔ.
301 820 383 862 κᾶν
415 819 496 873 μὲν
528 818 696 876 σπάσῃς
727 832 775 871 γε
808 816 924 857 δαιτὶ
956 815 1065 868 πρὸς
1096 816 1238 870 πολλῇ
1270 810 1428 864 πολύν,

299 890 450 945 τέγξας
480 890 642 940 ἄδιψον
673 888 830 942 νηδύν,
862 887 924 936 εἰς
954 885 1099 927 ὕπνον
1131 886 1275 937 βαλεῖ,

300 962 355 1016 ἣν
388 959 426 1002 δ’
457 959 634 1018 ἐκλίπῃς
665 974 726 1013 τι,
759 957 936 1012 ξηρανεῑ
968 956 1006 997 σ’
1037 955 1060 997 ὁ
1094 955 1291 1009 Βάκχιος.
1580 960 1648 992 575

147 1036 241 1076 KY.
306 1034 375 1074 ἰοὺ
411 1031 501 1085 ἰού,

301 1103 358 1153 ὡς
391 1101 597 1152 ἐξένευσα
629 1101 771 1155 μόγις·
805 1098 1040 1153 ἄκρατοςὴ
1074 1096 1209 1152 χάρις.

301 1174 324 1216 ὁ
357 1173 396 1215 δ’
427 1173 618 1228 οὐρανός
649 1187 723 1225 μοι
755 1168 1106 1224 συμμεμιγμένος
1137 1168 1259 1209 δοκεῖ

301 1250 353 1303 τῇ
384 1249 442 1303 γῇ
474 1243 693 1299 φέρεσθαι
723 1248 802 1284 τοῦ
834 1242 946 1291 Διὸς
976 1255 1022 1282 τε
1052 1240 1132 1281 τὸν
1162 1239 1336 1293 θρόνον

302 1316 471 1358 λεύσσω
504 1316 552 1358 τὸ
585 1320 674 1356 πᾶν
705 1329 750 1355 τε
783 1313 1008 1366 δαιμόνων
1040 1310 1179 1365 ἁγνὸν
1211 1308 1352 1362 σέβας.
1587 1316 1656 1348 580

303 1388 385 1429 οὐκ
417 1386 472 1429 ἂν
504 1386 754 1442 φιλήσαιμ’·
788 1385 833 1426 αῑ
863 1383 1049 1437 Χάριτες
1080 1382 1266 1436 πειρῶσί
1294 1395 1357 1434 με.

302 1458 412 1508 ἅλις·
448 1457 687 1511 Γανυμήδη
719 1453 839 1498 τόνδ’
871 1452 983 1510 ἔχων
1010 1453 1318 1505 ἀναπαύσομαι

301 1529 483 1571 κάλλιον
513 1528 539 1583 ἢ
572 1529 649 1578 τὰς
680 1527 882 1581 Χάριτας.
943 1525 1104 1580 ἥδομαι
1136 1523 1188 1566 δέ
1216 1538 1307 1573 πως

300 1607 393 1650 τοῖς
423 1600 667 1642 παιδικοῖσι
698 1601 865 1652 μᾶλλον
897 1596 922 1652 ἢ
955 1603 1046 1646 τοῖς
1077 1598 1276 1650 θήλεσιν.

160 1674 239 1714 ΣΙ.
301 1670 385 1726 ἐγὼ
417 1672 502 1726 γὰρ
535 1670 557 1712 ὁ
589 1671 700 1720 Διός
733 1670 820 1723 εἰμι
854 1668 1138 1722 Γανυμήδης,
1169 1666 1386 1716 Κύκλωψ;
1586 1673 1656 1705 585

148 1745 242 1785 ΚΤ.
303 1742 378 1784 ναὶ
408 1743 467 1794 μὰ
498 1738 593 1795 Δί’,
624 1740 678 1782 ὃν
710 1739 883 1795 ἁρπάζω
915 1739 958 1794 γ’
987 1737 1072 1793 ἐγὼ
1103 1738 1144 1779 ’κ
1175 1734 1296 1779 τοῦδ’
1331 1735 1564 1791 Ὀρθάνου.

160 1816 237 1856 ΣΙ.
300 1812 526 1866 ἀπόλωλα,
557 1811 726 1862 παῖδες·
760 1811 935 1867 σχέτλια
966 1811 1172 1863 πείσομαι
1203 1807 1325 1850 κακά.

148 1887 242 1927 ΚΤ.
304 1883 452 1942 μέμφῃ
483 1883 563 1926 τὸν
595 1882 783 1938 ἐραστὴν
815 1882 1073 1938 κάντρυφᾷς
1103 1880 1342 1930 πεπωκότι;

160 1957 237 1997 ΣΙ.
300 1955 435 2008 οἴμοι·
468 1955 733 2009 πικρότατον
765 1949 891 1996 οἶνον
923 1953 1085 2006 ὄψομαι
1116 1951 1234 2006 τάχα.

151 2111 241 2150 ΟΔ.
304 2109 382 2163 ἄγε
415 2109 489 2164 δή,
520 2108 751 2150 Διονύσου
783 2107 956 2161 παῖδες,
988 2106 1145 2160 εὐγενῆ
1177 2104 1328 2158 τέκνα,
1587 2113 1656 2145 590

303 2177 436 2222 ἔνδον
467 2179 549 2233 μὲν
581 2179 710 2234 ἁνήρ·
743 2185 802 2236 τῷ
835 2177 873 2220 δ’
909 2177 1035 2234 ὕπνῳ
1068 2175 1329 2230 παρειμένος

139 2348 206 2379 565
245 2342 415 2388 ἡμίστισα
448 2344 488 2378 in
522 2344 704 2389 ἠμύστισα
737 2344 828 2378 mut.
849 2353 878 2387 p
975 2345 1043 2377 566
1070 2339 1159 2387 λάβ’
1185 2337 1212 2375 ὦ
1235 2369 1241 2375 .
1264 2367 1271 2375 .
1295 2338 1360 2375 ,τέ
1391 2339 1467 2386 μοι]
1502 2339 1658 2385 Dobree,

91 2397 213 2443 λαβὼν
234 2424 241 2431 .
265 2425 271 2431 .
295 2424 302 2431 .
322 2395 363 2442 γε’
387 2409 458 2441 μου
483 2397 562 2432 LP
641 2399 708 2430 567
735 2397 954 2441 γινώσκεται
979 2396 1058 2430 LP
1138 2397 1206 2429 568
1232 2399 1301 2429 νῦν
1327 2393 1410 2428 LP
1485 2396 1553 2427 569
1580 2391 1659 2428 ὅστι

91 2451 151 2495 ΡΙ
173 2448 254 2496 πίῃ]
293 2449 378 2492 ΙῙῚΧ,
414 2448 504 2494 πίνη
531 2450 610 2485 LP
702 2453 769 2484 571
798 2448 962 2495 σπῶντα]
1001 2446 1260 2489 casaubonus,
1299 2452 1457 2490 σιγῶντα
1490 2447 1566 2482 LP

91 2506 159 2538 572
187 2503 272 2537 fort.
310 2501 426 2548 βαβαί
522 2505 590 2537 573
624 2501 780 2549 σπάσῃς]
808 2502 970 2544 Dobree,
998 2500 1118 2545 σπάση
1145 2501 1223 2536 LP
1318 2503 1386 2534 574
1413 2500 1531 2545 βαλεῖ]
1558 2499 1658 2534 Mus-

91 2567 215 2602 grave,
242 2556 365 2602 βαλεῖς
390 2556 469 2591 LP
563 2559 630 2590 575
658 2554 803 2602 ἐλλίπῃς
834 2554 1059 2590 Herwerden
1081 2557 1086 2598 Ι
1108 2552 1144 2589 τί
1168 2554 1248 2589 LP
1341 2556 1408 2587 582
1437 2553 1656 2600 Γανυμήδη]

92 2608 274 2654 Elmsley‚
318 2608 544 2653 Γανυμήδην
587 2609 666 2643 LP
691 2610 695 2653 Ι
723 2609 808 2643 fort.
854 2609 1098 2653 ἀναπαύομαι
1195 2609 1263 2641 583
1307 2605 1458 2641 κάλλιον
1496 2605 1534 2652 ἢ]
1574 2618 1657 2642 cum

92 2663 131 2698 L.
158 2662 356 2708 Spengelio
383 2662 526 2706 scripsi,
551 2661 725 2696 κάλλιστα
750 2661 795 2707 νὴ
822 2662 900 2697 LP
982 2665 1050 2696 586
1076 2661 1184 2696 τοῦδ’
1207 2659 1410 2705 Ὀρθάνου]
1437 2659 1573 2703 Naber,
1592 2665 1658 2695 τοῦ

93 2715 295 2759 Δαρδάνου
339 2716 418 2751 LP
512 2718 580 2750 588
605 2714 782 2749 lineolam
824 2714 966 2750 habent
1008 2715 1032 2749 i.
1066 2725 1096 2749 e.
1136 2712 1289 2758 Cyclopi
1332 2712 1503 2748 tribuunt
1546 2714 1625 2748 LP
1648 2711 1653 2753 Ι

92 2769 324 2819 κάντρυφᾷς]
350 2768 601 2811 Casaubonus‚
621 2768 855 2811 κάντρυφαῖς
874 2768 952 2802 LP
970 2770 975 2812 1
997 2763 1200 2812 πεπωκότι]
1221 2765 1332 2807 idem,
1357 2764 1556 2801 πεπωκότα
1582 2767 1662 2801 LP

153 2824 220 2856 589
248 2821 371 2856 Sileno
396 2820 531 2856 tribuit
557 2831 685 2866 apogr.
712 2820 842 2864 Paris.,
867 2823 993 2856 notam
1014 2832 1084 2855 om.
1106 2819 1208 2863 LP}
1230 2816 1432 2854 πικότατον
1452 2819 1538 2862 LP,
1565 2830 1655 2854 corr.

90 2886 119 2920 p
216 2877 285 2908 590
312 2874 357 2908 ὀδ
388 2885 432 2909 ex
465 2874 539 2908 alia
570 2875 660 2909 nota.
695 2884 785 2909 corr.
813 2874 847 2909 L
879 2874 936 2908 vel
961 2874 973 2908 l
996 2876 1000 2918 Ι
1023 2872 1207 2907 διωνύσου
1233 2872 1267 2906 L
1366 2875 1431 2906 591
1461 2870 1555 2918 ἀνήρ
1581 2873 1661 2908 LP
