1929 3208
295 129 349 170 32³
938 130 1205 162 newtnmm‘

512 239 531 289 ij
570 243 644 278 τοῦ
678 239 814 276 καλοῦ
848 241 929 276 σοῦ
963 237 1220 289 προύθανεν
1253 240 1451 282 νεανίους

505 315 654 360 σοφῶς
686 307 726 347 δ’
760 305 950 360 ἐφηῦρες
982 307 1090 348 ὥστε
1123 308 1180 361 μὴ
1213 313 1373 349 θανεῖν
1406 323 1523 359 ποτε,

508 379 545 418 εἰ
581 379 658 431 τὴν
690 383 922 430 παροῦσαν
955 383 1196 419 κατθανεῖν
1228 380 1392 428 πείσεις
1425 378 1492 420 ἀεὶ
1793 387 1860 415 700

510 449 682 502 γυναῖχ’
715 448 827 501 ὑπὲρ
860 454 959 489 σοῦ·
993 443 1086 505 κᾷτ’
1119 449 1346 500 ὀνειδίζεις
1373 452 1519 502 φίλοις

509 521 597 563 τοῖς
633 515 690 567 μὴ
723 513 910 555 θέλουσι
944 514 1056 567 δρᾶν
1089 515 1183 555 τάδ’
1216 515 1348 564 αὐτὸς
1380 516 1443 556 ὢν
1476 518 1624 565 κακός

508 587 625 638 σίγα·
661 587 804 637 νόμιζε
838 585 899 637 δ’,
932 586 970 626 εἰ
1003 587 1058 626 σὺ
1092 587 1171 640 τὴν
1204 592 1371 627 σαυτοῦ
1405 590 1548 639 φιλεῖς

511 658 668 710 ψυχήν,
702 659 850 708 φιλεῖν
882 656 1095 705 ἅπαντας
1131 658 1169 698 εἰ
1201 657 1242 697 δ’
1274 658 1384 710 ἡμᾶς
1417 665 1558 707 κακῶς

508 727 640 779 ἐρεῖς,
673 727 841 784 ἀκούσῃ
873 729 1014 769 πολλὰ
1047 731 1126 769 κού
1160 729 1302 782 ψευδῆ
1337 729 1454 769 κακά.
1793 738 1859 768 705

357 802 443 840 XO,
509 800 643 839 πλείω
679 798 873 840 λέλεκται
907 805 991 840 νῦν
1024 815 1067 840 τε
1101 799 1173 840 καὶ
1205 801 1252 841 τὸ
1286 800 1393 852 πρὶν
1426 801 1550 841 κακά·

508 876 673 910 παῦσαι
706 869 774 922 δέ,
807 868 993 923 πρέσβυ,
1025 874 1158 911 παῖδα
1190 872 1272 912 σὸν
1304 877 1606 924 κακορροθῶν.

359 947 405 982 Α.
428 946 451 982 l.
518 940 606 994 λέγ’
640 941 698 989 ὡς
730 940 837 992 ἐμοῦ
871 939 1088 990 λέξοντος·
1132 943 1169 982 εἰ
1202 941 1243 982 δ’
1276 940 1423 994 ἀλγεῖς
1455 943 1602 984 κλύων

508 1009 716 1065 τάληθές,
750 1012 803 1052 οὐ
837 1017 948 1065 χρῆν
981 1011 1021 1052 6’
1054 1013 1116 1061 εἰς
1149 1010 1213 1065 ἔμ’
1246 1011 1571 1065 ἐξαμαρτάνειν.

352 1087 439 1124 ΦΕ.
506 1089 586 1124 σοῦ
621 1083 664 1123 δ’
701 1081 756 1123 ἂν
788 1081 1089 1140 προθνῄσκων
1120 1087 1288 1135 μᾶλλον
1320 1083 1630 1138 ἐξημάρτανον.
1796 1093 1862 1123 710

352 1159 443 1195 ΑΔ.
509 1155 670 1195 ταύτὸν
704 1155 784 1208 γὰρ
818 1154 980 1208 ἡβῶντ’
1013 1155 1154 1206 ἄνδρα
1189 1154 1260 1195 καὶ
1292 1155 1492 1207 πρέσβυν
1524 1160 1702 1199 θανεΐν;

353 1229 441 1267 ΦΕ.
509 1232 624 1280 ψυχῇ
657 1230 734 1281 μιᾷ
766 1231 856 1279 ζῆν,
889 1225 942 1266 οὐ
976 1225 1107 1266 δυοῖν
1139 1225 1388 1279 ὀφείλομεν.

344 1302 436 1338 ΑΔ.
502 1297 573 1337 καὶ
605 1298 692 1351 μὴν
724 1298 835 1345 Διός
867 1311 915 1350 γε
948 1296 1109 1348 μείζον’
1142 1296 1197 1337 ἂν
1229 1293 1338 1352 ζῴης
1369 1299 1541 1351 χρόνον,

352 1371 441 1409 ΦΕ.
506 1368 589 1423 ἀρᾷ
621 1373 832 1421 γονεῦσιν
865 1366 998 1409 οὐδὲν
1031 1365 1207 1408 ἔκδικον
1239 1368 1418 1418 παθών;

355 1444 448 1480 ΑΔ.
513 1444 682 1491 μακροῦ
715 1440 818 1491 βίου
851 1439 935 1492 γὰρ
967 1436 1177 1496 ᾐσθόμην
1209 1437 1376 1491 ἐρῶντά
1410 1451 1467 1481 σε.
1795 1448 1861 1478 715

353 1513 442 1551 ΦΕ.
506 1510 600 1550 ἀλλ’
634 1509 687 1551 οὐ
722 1511 777 1551 σὺ
811 1510 971 1563 νεκρὸν
1004 1509 1103 1550 ἀντὶ
1136 1517 1217 1551 σοῦ
1249 1510 1371 1551 τόνδ’
1404 1509 1620 1564 ἐκφέρεις;

357 1586 450 1622 ΑΔ.
515 1587 671 1634 σημεῖα
703 1587 778 1634 τῆς
811 1587 908 1634 σῆς,
942 1578 974 1622 ὦ
1009 1581 1190 1634 κάκιστ’,
1223 1580 1423 1636 ἄψυχίας.

359 1655 447 1693 ΦΕ.
512 1653 635 1693 οὔτοι
668 1653 778 1704 πρὸς
808 1653 932 1706 ἡμῶν
966 1652 1007 1705 γ’
1039 1652 1180 1693 ὤλετ’·
1214 1650 1295 1694 οὐκ
1328 1651 1440 1705 ἐρεῖς
1472 1654 1584 1694 τόδε.

355 1728 449 1765 ΑΔ.
514 1729 616 1775 φεῦ·

511 1794 598 1835 εἴθ’
632 1794 794 1847 ἀνδρὸς
827 1793 977 1844 ἔλθοις
1011 1794 1144 1836 τοῦδέ
1173 1795 1213 1848 γ’
1247 1793 1290 1843 ἐς
1321 1797 1473 1849 χρείαν
1505 1795 1619 1837 ποτέ.

355 1869 445 1907 ΦΕ.
509 1868 724 1919 μιιήστευε
756 1866 944 1919 πολλάς,
977 1866 1034 1914 ὡς
1064 1865 1240 1907 θάνωσι
1272 1867 1483 1915 πλείονες.
1796 1874 1864 1903 720

353 1942 447 1978 ΑΔ.
514 1937 584 1978 σοὶ
616 1936 736 1978 τοῦτ’
769 1937 958 1986 ὄνειδος·
993 1936 1046 1978 οὐ
1077 1938 1161 1990 γὰρ
1192 1937 1352 1990 ’ἤθελες
1378 1941 1548 1978 θανεῖν.

350 2011 438 2049 ΦΕ.
503 2009 636 2061 φίλον
669 2009 717 2049 τὸ
752 2007 915 2062 φέγγος
941 2013 1071 2050 τοῦτο
1103 2012 1184 2049 τοῦ
1215 2012 1338 2061 θεοῦ,
1373 2010 1518 2061 φίλον.

349 2084 444 2121 ΑΔ.
508 2080 644 2120 κακὸν
677 2080 724 2120 τὸ
759 2082 872 2134 λῆμα
905 2077 1013 2120 κούκ
1044 2078 1093 2121 ἐν
1125 2078 1342 2133 ἀνδράσιν
1375 2080 1423 2120 τὸ
1457 2081 1547 2120 σόν.

356 2153 444 2190 ΦΕ,
509 2151 590 2191 οὐκ
624 2149 803 2206 ἐγγελᾷς
834 2149 1022 2204 γέροντα
1054 2149 1280 2203 βαστάζων
1312 2151 1484 2202 νεκρόν.

357 2352 422 2382 698
465 2347 483 2392 ἢ
523 2349 558 2383 Β
694 2352 761 2383 699
802 2349 840 2382 ὸ’
880 2350 1031 2392 ἐφεῦρες
1070 2350 1152 2395 Βα]
1199 2349 1235 2383 δ’
1277 2347 1379 2391 εὗρες
1418 2352 1445 2381 Ν
1490 2348 1544 2391 (δέ
1583 2349 1612 2393 γ’
1651 2346 1753 2392 εὗρες
1792 2351 1816 2393 Ι)

358 2399 426 2429 700
464 2396 673 2442 παροῦσαν]
713 2397 897 2438 ξυνοῦσαν
937 2396 1067 2431 Nauck
1102 2400 1106 2440 Ι
1140 2395 1305 2437 πείσειας
1339 2395 1384 2431 ἂι
1415 2398 1444 2432 5
1560 2399 1625 2429 701
1660 2396 1866 2432 κατονειδί·

295 2446 366 2485 ζεις
392 2444 427 2478 Β
526 2447 592 2477 702
620 2443 718 2489 τάδ’]
741 2444 823 2478 fort.
851 2443 936 2479 τόδ’
1012 2447 1079 2478 706
1106 2442 1148 2479 τὸ
1179 2443 1399 2489 Wakefield]
1428 2443 1474 2478 τὰ
1500 2443 1587 2477 libri
1610 2446 1616 2488 Ι
1638 2445 1702 2478 καὶ
1728 2445 1817 2487 πρὶν
1843 2443 1864 2488 ἢ

297 2490 428 2533 πρέπει
454 2491 680 2525 Herwerden
775 2494 842 2525 708
868 2491 1038 2533 λέξοντος
1063 2491 1215 2537 Reiske]
1241 2490 1412 2533 λέξαντος
1438 2490 1524 2524 libri
1618 2495 1685 2525 709
1711 2492 1803 2538 χρήν
1830 2493 1866 2526 Β

360 2542 424 2572 711
454 2537 588 2583 ἡβῶντ’
615 2538 742 2583 Lba2']
771 2538 932 2583 ἡμῶντ’
957 2551 977 2573 ν
1075 2542 1142 2572 713
1180 2536 1321 2582 μείζον’
1360 2539 1408 2584 L]
1449 2538 1591 2582 μεῖζον’
1625 2551 1648 2572 a
1685 2539 1810 2582 μείζον
1845 2551 1865 2574 r

296 2585 455 2629 μάσσον’
487 2585 525 2618 F.
548 2585 643 2619 Guil.
674 2585 844 2619 Schmidt
884 2590 888 2623 Ι
928 2584 1078 2629 μείζονα
1109 2583 1199 2632 ζῴης
1225 2585 1266 2620 G.
1288 2586 1331 2620 H.
1355 2585 1544 2628 Schaefer,
1571 2587 1610 2619 at
1637 2597 1667 2620 v.
1691 2590 1810 2621 714-
1820 2590 1864 2620 20

297 2634 336 2666 in
362 2633 461 2667 hunc
487 2632 654 2667 ordinem
692 2632 889 2677 redigendi
916 2633 1103 2668 videntur:
1139 2636 1217 2667 720.
1247 2637 1325 2668 719.
1361 2637 1482 2667 714-
1488 2636 1547 2676 18,
1579 2634 1679 2667 unde
1705 2633 1866 2668 efficitur

297 2693 328 2714 v.
351 2683 430 2714 717.
468 2683 535 2714 718
569 2682 655 2714 ante
688 2691 719 2714 v.
753 2683 818 2714 721
856 2680 1049 2715 abundare
1083 2680 1230 2722 (Nauck
1263 2684 1331 2714 714
1352 2692 1406 2724 sq.
1438 2682 1524 2725 post
1557 2683 1623 2714 719
1657 2681 1829 2724 οοΙΙοοαῦ)
1858 2701 1860 2725 1

297 2727 389 2770 ζώης
415 2727 456 2772 3¹]
489 2728 596 2768 ζώοις
628 2738 679 2771 rp
796 2731 863 2761 714
890 2722 964 2771 ἆρα
989 2728 1026 2762 Β
1066 2729 1070 2772 Ι
1110 2730 1248 2763 παθῶν
1275 2729 1356 2764 ΒΡ
1379 2739 1470 2763 corr.
1493 2739 1522 2771 p
1639 2731 1705 2762 716
1733 2727 1865 2772 νεκρόν

297 2775 326 2818 γ’
354 2776 390 2809 Β
489 2778 554 2807 717
584 2774 717 2819 σημεῖά
742 2774 781 2818 γ’
808 2771 834 2809 ὦ
861 2775 1011 2811 κάκιστε
1038 2775 1145 2810 ταῦτ
1175 2775 1371 2821 ἀψυχίας
1363 2777 1390 2809 S*
1416 2773 1549 2819 σημεῖά
1575 2775 1626 2818 γ’,
1649 2771 1676 2809 ὦ
1703 2775 1865 2817 κάκιστε,

299 2826 362 2865 σῆς
402 2822 569 2867 ἀψυχίας
603 2822 642 2856 Ε.
679 2822 806 2855 Bruhn
936 2826 1002 2856 718
1039 2822 1120 2858 οὔτι
1153 2823 1181 2857 S
1221 2826 1226 2867 Ι
1268 2823 1303 2867 γ’
1330 2834 1399 2857 om.
1427 2824 1455 2858 S
1579 2825 1645 2855 723
1681 2824 1802 2868 λῆμμα
1828 2824 1864 2858 Β

300 2869 479 2911 ἀνδράσιν
506 2868 635 2914 aL¹p]
664 2868 822 2911 ἀνδράσι
847 2880 867 2904 ν
