1929 3208
790 180 953 213 EKABH
1574 179 1630 220 35

288 288 492 330 ἄκουσον.
555 289 595 330 εἰ
623 285 703 342 μὲν
735 287 836 329 ὅσιά
868 298 938 329 σοι
969 291 1132 329 παθεῖν
1165 287 1300 339 δοκῶ,

290 356 508 414 στέργοιμ,’
541 359 614 400 ἄν·
647 360 688 400 εἰ
717 357 766 401 δὲ
796 359 1062 412 τοῦμπαλιν,
1095 358 1151 399 σύ
1183 373 1257 412 μοι
1290 363 1424 411 γενοῦ

288 431 476 484 τιμωρὸς
507 429 670 485 ἀνδρὸς
701 429 1001 472 ἀνοσιωτάτου
1032 428 1180 482 ξένου,
1564 440 1630 469 790

289 499 337 550 ὃς
368 500 469 543 οὔτε
501 502 604 551 τοὺς
635 506 715 555 γῆς
744 500 909 556 νέρθεν
941 500 1042 543 οὔτε
1073 502 1177 549 τοὺς
1209 500 1300 541 ἅνω

290 572 437 622 δείσας
469 571 679 626 δέδρακεν
711 573 842 626 ἔργον
874 571 1173 613 ἀνοσιώτατον)

289 648 440 697 κοινῆς
470 641 680 698 τραπέζης
710 643 920 693 πολλάκις
949 644 1095 697 τυχὼν
1127 642 1241 696 ἐμοί,

290 714 432 764 ξενίας
462 713 500 756 τ’
533 715 708 770 ἀριθμῷ
740 721 889 768 πρῶτα
920 722 1009 756 τῶν
1041 713 1157 768 ε’μῶν
1189 715 1351 767 φίλων·

288 786 434 840 τυχὼν
467 782 507 826 δ’
539 786 656 826 ὅσων
690 785 760 826 δεῖ
786 783 858 826 καὶ
891 784 1039 838 λαβὼν
1070 785 1327 840 προμηθίαν
1566 796 1631 832 795

289 857 472 908 ἔκτεινε,
503 856 674 909 τύμβου
707 852 766 909 δ’,
800 855 840 896 εἰ
868 862 1044 896 κτανεῖν
1077 854 1307 909 ἐβούλετο,

289 926 370 968 οὐκ
399 925 604 980 ἠξίωσεν,
637 922 732 967 ἀλλ’
762 924 903 980 ἀφῆκε
933 927 1130 968 πόντιον.

287 996 410 1052 ἡμεῖς
441 995 522 1052 μὲν
554 993 636 1039 οὖν
669 997 827 1039 δοῦλοί
854 1012 899 1038 τε
931 996 1162 1046 κάσθενεῖς
1194 1001 1318 1047 ἴσως·

288 1065 382 1110 ἀλλ’
415 1069 460 1110 oc
487 1067 588 1111 θεοὶ
620 1067 836 1110 σθένουσι
867 1069 929 1124 χὼ
961 1071 1121 1110 κείνων
1153 1075 1325 1123 κρατῶν

288 1141 438 1194 νόμος·
471 1141 592 1196 νόμω
626 1140 708 1195 γὰρ
741 1141 845 1189 τοὺς
876 1141 1012 1189 θεοὺς
1043 1139 1273 1194 ἡγούμεθα
1566 1151 1633 1181 800

288 1202 373 1252 καῖ
394 1212 532 1265 ζῶμεν
564 1211 693 1252 ἄδικα
724 1208 797 1252 καὶ
830 1208 963 1252 δίκαι’
994 1210 1249 1265 ὡρισμένοι·

289 1281 338 1332 ὃς
368 1280 412 1331 ἐς
443 1277 484 1323 σ’
515 1281 721 1324 ἀνελθὼν
751 1282 793 1323 εἰ
823 1282 1199 1337 διαφθαρήσεται,

287 1351 360 1394 καὶ
391 1353 448 1407 μὴ
482 1353 610 1407 δίκην
643 1353 865 1395 δώσουσιν
899 1353 1058 1403 οἵτινες
1091 1353 1244 1404 ξένους

286 1426 538 1466 κτείνουσιν
569 1424 596 1478 ἢ
627 1428 749 1466 θεῶν
782 1424 876 1478 ἱερὰ
907 1427 1130 1479 τολμῶσιν
1161 1423 1338 1478 φέρειν,

289 1495 370 1537 οὐκ
400 1496 519 1537 ἔστιν
540 1493 686 1537 οὐδὲν
717 1502 806 1537 τῶν
839 1495 887 1537 ἐν
919 1495 1173 1549 ἀνθρώποις
1206 1499 1316 1538 ἴσον.
1565 1507 1632 1537 ⁷505

287 1564 409 1609 ταῦτ’
440 1563 523 1609 οὗν
556 1565 604 1608 ἐν
636 1567 800 1625 αἰσχρῷ
834 1565 1025 1621 θέμενος
1056 1565 1291 1623 αἰδέσθητί
1319 1580 1388 1620 με·

288 1641 505 1693 οῖ’κτειρον
535 1638 647 1692 ἡμᾶς
678 1637 737 1688 ὡς
767 1638 963 1692 γραφεύς
993 1636 1030 1679 τ’
1064 1636 1332 1687 ἀποσταθεὶς

290 1710 391 1751 ι’δοῦ
422 1725 473 1763 με
504 1709 793 1763 κάνάθρησον
826 1703 884 1750 οἷ’
915 1710 997 1763 ἔχω
1029 1709 1151 1751 κακά.

288 1781 506 1836 τύραννος
537 1777 563 1834 ἦ
595 1777 711 1835 ποτ’,
745 1779 856 1822 ἀλλὰ
887 1786 973 1822 νῦν
1005 1781 1145 1834 δούλη
1178 1779 1330 1831 σέθεν,

288 1851 442 1902 εὔπαις
471 1847 568 1894 ποτ’
599 1847 730 1904 οὖσα,
764 1856 849 1893 νῦν
882 1849 930 1893 δὲ
962 1858 1100 1906 γραῦς
1134 1852 1265 1902 ἄπαις
1295 1849 1342 1894 θ’
1372 1852 1478 1907 ἅμα,
1566 1863 1634 1894 2510

288 1923 443 1973 ἄπολις
474 1924 652 1978 ἕρημος,
685 1922 935 1977 ἀθλιωτάτη
967 1924 1152 1977 βροτῶν.

288 1997 408 2049 οἴμοι
437 1994 644 2048 τάλαινα,
674 2000 753 2036 ποῖ
781 1990 824 2048 μ’
854 1993 1081 2048 ὑπεξάγεις
1110 1995 1243 2046 πόδα;

288 2066 408 2107 ἔοικα
439 2064 620 2120 πράξειν
652 2063 804 2106 οὐδέν·
838 2061 871 2106 ὦ
903 2063 1071 2107 τάλαιν’
1103 2065 1200 2120 ἐγώ.

287 2137 334 2177 τί
361 2137 469 2190 δῆτα
500 2134 659 2190 θνητοὶ
691 2137 827 2178 τᾶλλα
859 2133 940 2190 μὲν
972 2139 1210 2192 μαθήματα

111 2264 257 2311 scripsi]
283 2263 404 2299 πίπτω
430 2264 518 2299 libri
606 2268 671 2299 789
699 2265 742 2299 σύ
768 2278 839 2308 μου
861 2266 897 2300 A
985 2268 1051 2299 790
1078 2264 1309 2307 ἀξενωτάτου
1336 2264 1442 2307 ξένου
1468 2265 1586 2300 Bothe

112 2322 177 2353 791
199 2319 285 2359 τοὺς
304 2319 384 2365 γῆς]
405 2319 521 2357 θεοὺς
540 2323 607 2363 γῆς
627 2318 767 2364 Burges
791 2321 794 2364 Ι
818 2317 978 2362 *νέρθεν
999 2320 1029 2363 (ε
1050 2329 1196 2353 erasum
1217 2321 1303 2353 ante
1324 2321 1358 2364 v)
1380 2320 1414 2353 A
1473 2322 1632 2352 793-97

112 2372 265 2406 damnat
303 2371 435 2406 Nauck
473 2373 650 2416 (794—95
689 2371 765 2406 iam
802 2371 986 2406 Matthiae
1025 2371 1152 2414 eiecit,
1193 2375 1354 2406 794—97
1387 2372 1563 2415 Dindorf)

112 2428 180 2458 794
204 2423 258 2471 τ’]
283 2423 327 2459 θ’
351 2426 386 2460 Α
420 2426 425 2470 Ι
459 2425 603 2471 πρῶτα]
629 2431 804 2469 ταπρῶτα
831 2426 871 2460 Ε
902 2427 906 2469 Ι
942 2423 1060 2470 φίλων
1084 2426 1221 2472 ALG]
1254 2425 1370 2467 ξένων
1395 2427 1466 2460 aE
1490 2440 1543 2470 γρ.
1572 2426 1633 2458 καὶ

111 2477 226 2519 ξένων
257 2478 312 2513 A²
343 2477 382 2512 in
413 2489 528 2524 marg.
653 2481 719 2512 795
752 2477 788 2513 δ’
819 2489 888 2513 om.
921 2480 957 2514 A
990 2478 1075 2513 add.
1107 2478 1162 2514 Α2
1195 2481 1199 2524 1
1236 2477 1322 2514 ’ὅσον
1354 2481 1420 2514 Aa
1447 2493 1474 2513 ω
1508 2490 1586 2522 sup.
1615 2491 1633 2511 ο

113 2542 178 2565 scr.
206 2531 247 2565 a²
333 2535 400 2565 796
427 2531 460 2566 εἰ
484 2531 523 2565 in
548 2542 619 2566 ras.
640 2531 694 2566 A²
716 2533 720 2576 Ι
746 2532 917 2578 ἠβούλετο
945 2545 968 2567 a
1055 2535 1120 2566 799
1148 2534 1309 2578 κρατῶν]
1336 2531 1449 2576 νόμος
1475 2530 1635 2566 Schenkl

112 2584 245 2619 deletis
277 2583 442 2618 versibus
469 2588 548 2620 800.
576 2588 662 2628 801,
695 2596 786 2628 quos
821 2585 867 2620 ab
900 2585 1169 2631 interpolatore
1196 2585 1343 2620 additos
1371 2596 1449 2620 esse
1476 2583 1636 2619 coniecit

111 2637 244 2672 Nauck
350 2640 418 2671 800
443 2638 545 2684 τοὺς]
571 2638 634 2672 καὶ
659 2638 822 2673 Dindorf
920 2642 987 2673 802
1015 2638 1047 2673 εἰ
1072 2650 1116 2673 ex
1142 2637 1164 2682 ἢ
1191 2650 1281 2674 corr.
1309 2640 1362 2674 Α2
1460 2642 1528 2673 804
1555 2639 1634 2671 τολ-

111 2691 263 2735 mmm
289 2692 443 2735 τολμῶσι
469 2691 548 2726 LG'
632 2694 712 2735 805,
739 2702 849 2735 quem
874 2691 985 2726 affert
1010 2691 1192 2726 Stobaeus
1219 2692 1294 2726 flor.
1317 2696 1373 2734 43,
1394 2696 1447 2726 13.
1478 2695 1556 2735 105,
1577 2694 1633 2734 34,

110 2743 232 2788 priore
265 2743 345 2778 loco
379 2754 462 2778 cum
493 2743 577 2778 aliis
603 2744 773 2788 perditae
798 2744 949 2779 fabulae
975 2745 1141 2779 versibus
1168 2746 1386 2780 coniunctus
1413 2747 1469 2780 est
1565 2748 1633 2778 806

112 2833 158 2865 μ*
185 2821 220 2855 L
245 2833 287 2865 με
314 2821 325 2854 l
422 2823 489 2855 807
517 2821 674 2864 *ραηύς
698 2822 735 2856 A
766 2822 930 2866 γραφεύς
955 2822 1009 2857 A²
1105 2825 1172 2856 808
1200 2822 1283 2857 ἴδου
1310 2824 1376 2857 Aa
1402 2809 1485 2857 ιδοῦ
1512 2823 1575 2867 ΕΙ
1599 2821 1634 2856 οἳ

112 2874 148 2908 A
175 2871 226 2908 οἷ’
249 2874 302 2908 A²
376 2876 444 2908 809
470 2873 650 2909 δέσποινα
675 2874 744 2920 γάρ
770 2872 856 2909 ποτ’
878 2875 911 2908 L
938 2889 992 2920 γρ.
1018 2875 1199 2918 τύραννος
1225 2872 1271 2920 ἦν
1290 2874 1372 2910 ποτ’
1391 2875 1429 2909 in
1451 2886 1564 2920 marg.
1593 2875 1604 2907 l

115 2923 161 2971 ἦν
186 2926 273 2961 libri
371 2930 439 2961 810
466 2929 656 2972 suspectus
754 2930 822 2961 812
847 2933 920 2962 ποῦ
946 2929 981 2962 L
1077 2931 1146 2962 814
1172 2928 1217 2973 δὴ
1244 2928 1288 2963 τὰ
1314 2931 1349 2964 A
1376 2931 1468 2974 δῆτα
1495 2929 1549 2964 A²

1304 2988 1349 3021 3³3
