1929 3208
804 171 1031 204 ΗΛΕΚΤΡΑ
1625 170 1680 210 33

337 277 480 332 τεμὼν
514 276 582 331 ἐφ’
615 277 754 332 ἁγνὸν
785 284 873 331 πῦρ
906 280 1039 332 ἔθηκε
1072 277 1206 333 δεξιᾷ,

338 346 523 403 κᾶσφαξ’
554 345 619 390 ἐπ’
652 349 784 402 ὤμων
817 349 985 402 μόσχον
1017 347 1075 397 ὡς
1105 344 1219 402 ἦραν
1250 354 1402 403 χεροῖν

338 419 492 473 δμῶες,
526 418 642 472 λέγει
674 415 722 460 δὲ
754 422 817 474 σῷ
850 419 1097 476 κασιγνήτῳ
1130 418 1252 460 τάδε·

337 488 384 531 ἐκ
414 495 502 531 τῶν
535 493 681 530 καλῶν
712 493 931 542 κομποῦσι
962 495 1077 530 τοῖσι
1111 490 1354 539 Θεσσαλοῖς
1616 502 1683 531 815,

337 557 450 602 εἶναι
481 556 594 612 τόδ’,
628 559 746 608 ὅστις
777 564 943 613 ταῦρον
975 559 1162 614 ἀρταμεῖ
1187 563 1330 610 καλῶς

334 632 494 681 ἵππους
524 628 561 672 τ’
592 630 782 684 ὀχμάζει·
815 627 921 682 λαβὲ
954 630 1155 684 σίδηρον,
1187 627 1221 672 ὦ
1254 631 1363 685 ξένε,

336 703 481 754 δεῖξόν
511 717 556 742 τε
588 702 740 756 φήμην
772 702 932 754 ἔτυμον
965 699 1078 755 ἀμφὶ
1111 704 1360 743 Θεσσαλῶν.

335 773 357 816 ὃ
391 771 431 815 δ’
461 772 727 826 εὐκρότητον
758 768 932 826 Δωρίδ’
964 770 1162 825 ἁρπάσας
1192 780 1357 827 χεροῖν,

335 844 466 899 ῥίψας
497 841 569 884 ἀπ’
601 842 732 896 ὤμων
766 841 958 895 εὐπρεπῆ
990 842 1265 897 πορπάματα,
1613 858 1680 886 >520

337 914 553 967 Πυλάδην
586 910 666 967 μὲν
698 909 824 953 εἵλετ’
855 911 904 953 ἐν
934 913 1088 962 πόνοις
1119 913 1356 968 ὑπηρέτην,

337 986 486 1040 δμῶας
518 981 556 1025 δ’
588 983 777 1025 ἀπωθεῖ·
809 981 882 1024 καὶ
914 983 1063 1037 λαβὼν
1096 986 1264 1039 μόσχου
1296 986 1427 1040 πόδα,

331 1055 488 1104 λευκὰς
519 1052 714 1108 ἐγύμνου
746 1053 911 1108 σάρκας
942 1052 1150 1096 ἐκτείνων
1181 1054 1309 1110 χέρα·

330 1129 505 1167 θᾶσσον
538 1123 586 1166 δὲ
618 1124 791 1179 βύρσαν
824 1122 1039 1179 ἐξέδειρεν
1069 1124 1095 1179 ἢ
1129 1126 1320 1181 δρομεὺς

336 1197 518 1246 δισσοὺς
550 1195 761 1245 διαύλους
791 1195 940 1244 ἵππιος
972 1196 1170 1250 διήνυσε,
1612 1212 1680 1242 >5⁵25

331 1267 504 1309 κάνεῖτο
537 1267 738 1320 λαγόνας.
803 1266 898 1319 ι”ερὰ
930 1264 968 1307 δ’
1000 1266 1043 1316 ἐς
1074 1274 1222 1322 χεῖρας
1253 1270 1403 1323 λαβὼν

332 1342 551 1393 Αἴγισθος
582 1338 726 1392 ἤθρει.
788 1335 860 1398 καὶ
892 1339 1024 1391 λοβὸς
1054 1335 1136 1392 μὲν
1168 1338 1223 1381 οὐ
1253 1347 1427 1395 προσῆν

333 1410 614 1464 σπλάγχνοις,
645 1409 779 1449 πύλαι
812 1406 860 1449 δὲ
891 1406 963 1449 καὶ
997 1407 1124 1463 δοχαὶ
1155 1413 1287 1465 χολῆς
1317 1411 1451 1462 πέλας

333 1481 466 1529 κακὰς
497 1481 682 1535 ἔφαινον
714 1484 772 1536 τῷ
806 1485 1045 1521 σκοποῦντι
1076 1483 1338 1536 προσβολάς.

330 1551 391 1606 χῶ
424 1549 505 1606 μὲν
536 1550 787 1605 σκυθράζει,
821 1551 1033 1604 δεσπότης
1065 1550 1105 1592 δ’
1136 1552 1378 1608 ἀνιστορεῖ·
1611 1568 1680 1597 530

330 1624 375 1664 τί
401 1618 530 1677 χρῆμ’
561 1621 767 1676 ἀθυμεῖς;
801 1617 834 1662 ὦ
868 1619 974 1675 ξέν’,
1007 1621 1190 1676 ὀρρωδῶ
1222 1639 1321 1666 τινα

331 1693 466 1734 δόλον
497 1696 704 1747 θυραῖον.
767 1693 856 1733 ἔστι
891 1689 931 1733 δ’
962 1693 1167 1746 ἔχθιστος
1196 1696 1371 1750 βροτῶν

325 1761 646 1818 Ἀγαμέμνονος
677 1769 778 1812 παῖς
808 1761 1016 1817 πολέμιός
1046 1760 1082 1804 τ’
1113 1763 1233 1819 ε’μοῖς
1265 1766 1434 1821 δόμοις·

328 1834 351 1875 ὃ
385 1832 424 1876 δ’
457 1831 564 1876 εἷπε·
598 1833 800 1888 φυγάδος
831 1834 940 1888 δῆτα
972 1835 1210 1889 δειμαίνεις
1243 1837 1394 1892 δόλον,

327 1906 493 1955 πόλεως
524 1905 750 1956 ἀνάσσων;
785 1904 880 1959 οὐχ,
913 1905 1028 1955 ὅπως
1059 1909 1279 1962 παστήρια
1404 1890 1419 1904 ο
1609 1922 1677 1952 835

327 1977 679 2030 θοινασόμεσθα,
716 1968 881 2017 Φθιάδ’
912 1975 1010 2017 ἀντὶ
1036 1981 1241 2033 Δωρικῆς

328 2050 438 2088 οἴσει
469 2062 534 2096 τις
564 2046 670 2102 ἡμῖν
701 2045 866 2100 κοπίδ’,
899 2046 1142 2103 ἀναρρῆξαι
1173 2047 1327 2104 χέλυν,

327 2118 477 2171 λαβὼν
509 2116 556 2159 δὲ
588 2120 748 2160 κόπτει.
811 2118 1037 2173 σπλάγχνα
1071 2117 1109 2160 δ’
1142 2123 1361 2173 Αἴγισθος
1393 2123 1542 2176 λαβὼν

329 2189 460 2243 ἤθρει
493 2190 690 2244 διαιρῶν.
751 2195 831 2230 τοῦ
864 2188 911 2231 δὲ
943 2190 1155 2240 νεύοντος
1185 2191 1300 2234 κάτω

245 2325 313 2356 813
339 2323 403 2357 καὶ
429 2320 558 2366 ἔσφαξ’
588 2323 634 2366 L,
659 2321 820 2367 κᾶσφαξ’
846 2323 911 2362 lG-‚
939 2323 1106 2368 κᾶσφαξε
1131 2325 1263 2370 λαιμὸν
1282 2325 1483 2371 Walberg‚
1510 2327 1675 2372 κᾶσφαξε

150 2375 283 2419 βωμῶν
308 2375 450 2420 (malim
475 2376 613 2421 βωμοῦ)
635 2405 641 2410 .
665 2406 671 2411 .
692 2372 788 2420 ἦραν
814 2374 925 2417 πέλας
945 2377 1193 2413 Schumacher
1212 2379 1391 2423 (κᾶσφαξε
1417 2381 1524 2427 βωμῷ
1544 2381 1676 2425 Bothe.

245 2430 312 2462 815
340 2427 378 2463 ἓν
404 2435 476 2463 τῶν
502 2428 698 2474 Musgrave
814 2433 881 2464 816
907 2429 992 2465 τόδε
1018 2432 1053 2465 L
1162 2435 1230 2465 818
1257 2433 1354 2476 ἀμφὶ
1380 2434 1550 2477 δημοτῶν
1576 2434 1674 2467 Weil

244 2484 312 2514 819
339 2480 497 2528 Δωρίδ’]
525 2482 636 2517 schol.
664 2480 762 2523 εἶδος
787 2481 970 2529 μαχαίρας
994 2484 1017 2528 ἡ
1044 2483 1155 2528 δωρίς
1179 2485 1218 2518 in
1233 2486 1278 2528 L,
1305 2484 1427 2528 δορίδ’
1456 2486 1676 2529 ἀναρπάσας

150 2532 282 2566 Nauck
378 2537 446 2568 822
473 2536 590 2578 δμῶες
617 2536 661 2579 G,
688 2537 813 2580 δμῶας
837 2548 860 2582 9
955 2541 1023 2571 823
1051 2536 1222 2573 ἐκτείνων
1248 2536 1352 2584 χέρα]
1380 2537 1559 2582 ἐπιτεμὼν
1582 2539 1673 2584 χρόα

150 2584 187 2619 F.
210 2585 277 2620 Gu.
300 2585 469 2621 Schmidt
540 2591 607 2622 825
629 2587 771 2635 ἵππιος]
791 2589 988 2635 Musgrave
1007 2589 1174 2635 (ἱππίους
1193 2590 1384 2635 Scaliger),
1412 2590 1670 2631 aniongG

244 2642 311 2673 826
336 2639 399 2673 καὶ
425 2639 548 2674 ἀνεῖτο
574 2640 620 2683 L,
645 2639 792 2675 κάνεῖτο
819 2642 873 2677 {G
905 2643 909 2688 Ι
943 2642 1028 2677 forb.
1055 2643 1094 2678 ἐν
1119 2645 1243 2689 χερσὶν
1321 2647 1389 2677 828
1416 2643 1613 2689 σπλάγχοις
1641 2647 1673 2678 (r'

244 2695 311 2725 830
338 2692 401 2725 καὶ
427 2691 445 2726 ὁ
472 2693 518 2734 L,
544 2691 577 2737 χ’
602 2693 629 2726 ὡ
657 2693 714 2726 {G
810 2697 876 2728 831
904 2695 1002 2730 inter
1027 2696 1186 2740 ἀθυμεῖς
1212 2699 1249 2730 et
1275 2692 1301 2730 ὦ
1329 2695 1402 2737 ξέν’
1433 2696 1568 2731 lacuna
1593 2708 1672 2732 esse

148 2742 295 2778 videtur
318 2745 321 2789 Ι
345 2742 424 2785 ξένε
438 2745 484 2787 L,
510 2743 584 2786 ξέν’
609 2745 663 2780 lG
725 2749 792 2780 832
813 2746 897 2782 fort.
918 2755 1114 2793 κρυφαῖον.
1161 2749 1230 2782 Cfr.
1252 2749 1360 2783 Rhes.
1389 2752 1432 2782 92
1507 2753 1574 2784 835
1601 2762 1672 2784 πα-

149 2795 293 2842 στήρια]
314 2796 458 2841 Nauck,
483 2796 692 2842 παστηρίαν
712 2799 745 2833 L
759 2799 791 2833 G
865 2804 932 2835 836
952 2801 1214 2846 θοινασόμεθα
1236 2803 1325 2844 LG,
1344 2800 1627 2846 θοινασόμεσθα
1649 2805 1670 2845 l,

148 2848 231 2884 fort.
257 2848 499 2894 θεασόμεσθα
597 2855 662 2886 837
691 2852 913 2900 ἀναρρῆξαι]
940 2854 1071 2899 scripsi
1097 2854 1359 2889 Schenkelium
1385 2855 1608 2901 (ἀναρρήξω)
1634 2860 1671 2890 et

149 2901 400 2948 Musgravium
426 2903 662 2950 (ἀπορρῆξαι)
689 2907 848 2949 secutus,
874 2906 1070 2951 ἀπορρήξω
1096 2908 1174 2942 LG

219 2969 442 3003 Euripides,
463 2970 594 2996 Electra.
1437 2972 1456 3000 3
