1929 3208
223 194 266 233 14
846 193 952 224 ΙῦΎῚἸ
962 193 971 224 1
982 193 1114 224 ΙῙΔΟΤ

238 305 331 342 lm.
395 299 511 349 ἀλλ’,
545 297 577 340 ὦ
612 297 720 349 ξέν’,
753 299 806 340 οὐ
838 301 995 352 γνοίην
1028 298 1083 340 ἂν
1117 298 1344 340 εἰσιδοῦσά
1376 313 1461 340 νιν.

244 375 328 413 01’.
396 371 470 412 νέα
504 371 601 425 γάρ,
637 369 770 412 οὐδὲν
802 368 961 424 θαῦμ’,
995 369 1264 423 ἀπεζεύχθης
1295 368 1412 411 νέου.

237 446 330 483 ΙΙᾸ.
393 437 453 491 εἷς
485 441 539 483 ἂν
572 444 707 496 μόνος
738 458 810 483 νιν
843 449 931 483 τῶν
965 439 1080 495 ἐμῶν
1112 442 1239 494 γνοίη
1273 442 1428 494 φίλων.
1672 452 1740 481 28ῡ

244 516 327 555 ΟΡ.
396 509 465 568 ἆρ’
501 513 553 554 ὃν
587 512 794 566 λέγουσιν
828 512 962 553 αὐτὸν
996 510 1198 562 ἐκκλέψαι
1231 512 1399 565 φόνους

238 588 333 626 ΗΑ.
395 586 557 638 πατρός
589 599 636 638 γε
669 584 950 637 παιδαγωγὸς
982 582 1160 637 ἀρχαῖος
1191 580 1347 637 γέρων.

244 658 326 697 oP.
395 655 418 697 ὁ
450 655 688 697 κατθανὼν
722 652 770 696 δὲ
803 655 879 704 σὸς
909 654 1050 708 πατὴρ
1083 653 1254 707 τύμβου
1286 659 1430 707 κυρεῖ;

238 729 332 767 HJ.
396 728 580 781 ἔκυρσεν
613 726 671 776 ὡς
703 728 901 781 ἔκυρσεν,
935 722 1166 779 ἐκβληθεὶς
1199 724 1361 778 δόμων.

245 800 328 840 ΟΡ.
399 801 533 852 οἴμοι,
564 795 658 839 τόδ’
698 791 794 839 οἷον
827 793 969 846 εἶπας·
1004 799 1211 849 αἴσθησις
1242 795 1325 849 γὰρ
1360 790 1442 836 οὖν
1676 805 1744 835 290

394 867 466 910 καὶ
500 876 587 910 τῶν
619 869 824 922 θυραίων
856 867 1066 921 πημάτων
1099 866 1250 908 δάκνει
1283 866 1483 919 βροτούς.

399 939 525 990 λέξον
558 936 620 993 δ’,
653 937 711 981 ἵν’
749 939 878 988 εἰδὼς
909 939 971 995 σῷ
1004 939 1252 994 κασιγνήτῳ
1285 936 1404 992 φέρω

401 1012 560 1064 λόγους
592 1010 803 1065 ἀτερπεῖς,
837 1007 931 1051 ἀλλ’
970 1009 1236 1063 ἀναγκαίους
1268 1009 1429 1050 κλύειν.

402 1082 563 1137 [ἔνεστι
597 1078 636 1124 δ’
673 1078 817 1130 οἶκτος
849 1080 1018 1136 ἀμαθίᾳ
1051 1077 1132 1134 μὲν
1164 1079 1378 1135 οὐδαμοῦ,

399 1160 581 1207 σοφοῖσι
615 1151 653 1194 δ’
690 1151 890 1206 ἀνδρῶν·
922 1150 993 1193 καὶ
1026 1152 1108 1205 γὰρ
1143 1149 1239 1192 οὐδ’
1277 1151 1458 1205 ἀζήμιον
1678 1160 1745 1191 295

397 1225 578 1279 γνώμην
611 1224 774 1266 ἐνεῖναι
805 1229 898 1273 τοῖς
930 1229 1085 1277 σοφοῖς
1116 1224 1216 1264 λίαν
1249 1224 1423 1276 σοφήν.]

250 1298 337 1337 XO.
399 1295 518 1349 κάγὼ
550 1295 628 1336 τὸν
662 1294 798 1336 αὐτὸν
829 1291 935 1349 τῷδ’
971 1295 1074 1349 ἔρον
1106 1299 1248 1347 ψυχῆς
1280 1294 1374 1347 ἔχω.

398 1367 548 1421 πρόσω
582 1367 664 1420 γὰρ
698 1366 863 1414 ἄστεως
895 1360 1006 1406 οὖσα
1037 1363 1118 1406 τάν
1150 1365 1275 1405 πόλει
1307 1364 1416 1405 κακὰ

398 1437 479 1479 οὐκ
512 1433 627 1491 οἶδα,
659 1442 744 1478 νῦν
777 1434 825 1477 δὲ
857 1435 1074 1490 βούλομαι
1105 1434 1224 1488 κάγὼ
1258 1439 1433 1489 μαθεῖν.

244 1511 342 1550 ΗΛ.
404 1505 568 1563 λέγοιμ’
605 1509 676 1562 ἄν,
708 1508 748 1549 εἰ
778 1507 877 1562 χρή·
909 1507 991 1561 χρὴ
1025 1504 1072 1548 δὲ
1104 1507 1214 1561 πρὸς
1245 1507 1380 1561 φίλον
1413 1504 1557 1559 λέγειν
1677 1516 1746 1546 300

402 1580 535 1634 τύχας
566 1580 745 1634 βαρείας
775 1579 851 1627 τὰς
883 1576 988 1632 ἐμὰς
1018 1576 1161 1632 κάμοῦ
1192 1578 1365 1631 πατρός.

402 1650 495 1693 ἐπεὶ
527 1648 576 1692 δὲ
607 1656 743 1700 κινεῖς
775 1653 939 1704 μῦθον,
972 1649 1166 1703 ἱκετεύω,
1199 1647 1307 1702 ξένε,

400 1719 574 1776 ἄγγελλ’
603 1719 777 1776 Ὀρέστῃ
810 1719 923 1775 τάμὰ
953 1718 1025 1762 καὶ
1057 1721 1208 1761 κείνου
1239 1718 1364 1773 κακά,

400 1800 578 1847 πρῶτον
610 1790 690 1846 μὲν
723 1792 835 1841 οἵοις
867 1791 914 1833 ἐν
945 1789 1125 1840 πέπλοις
1157 1792 1424 1844 στολίζομαι,

399 1865 512 1920 πίνῳ
544 1859 593 1904 θ’
629 1863 718 1919 ὅσῳ
751 1859 945 1917 βέβριθ’,
978 1861 1063 1903 ὑπὸ
1096 1860 1296 1916 στέγαισί
1322 1876 1368 1902 τε
1678 1870 1746 1900 305

403 1935 538 1976 οἵαισι
570 1935 679 1976 ναίω
712 1935 953 1987 βασιλικῶν
986 1932 1032 1975 ἐκ
1065 1933 1292 1987 δωμάτων,

400 2005 509 2059 αὐτὴ
543 2003 625 2060 μὲν
657 2004 937 2060 ἐκμοχθοῦσα
969 2005 1166 2059 κερκίσιν
1197 2003 1404 2057 πέπλους,

403 2076 447 2131 [ἦ
480 2076 652 2130 γυμνὸν
684 2075 765 2127 ἔξω
798 2083 922 2130 σῶμα
954 2073 1026 2117 καὶ
1058 2074 1357 2130 στερήσομαι,]

403 2147 512 2201 αὐτὴ
547 2144 593 2188 δὲ
625 2148 766 2201 πηγὰς
797 2148 1039 2201 ποταμίους
1071 2145 1340 2201 φορουμένη.

401 2217 639 2272 ἀναίνομαι
671 2215 719 2259 δὲ
751 2218 920 2272 γυμνὰς
952 2213 1062 2259 οὖσα
1095 2215 1364 2271 παρθένους,
1681 2226 1746 2256 311

402 2288 610 2345 ἀνέορτος
642 2289 773 2345 ἱερῶν
803 2287 876 2330 καὶ
907 2294 1054 2344 χορῶν
1084 2287 1326 2342 τητωμένη,
1679 2297 1748 2327 310

320 2462 387 2493 291
414 2458 493 2504 καὶ]
520 2457 676 2502 Dobree,
703 2457 774 2492 κάκ
801 2456 879 2491 LG
964 2456 1062 2491 Ante
1088 2460 1154 2491 292
1181 2456 1320 2492 lineola
1345 2455 1383 2490 in
1410 2455 1487 2490 LG
1579 2458 1646 2489 293
1666 2454 1750 2489 fort.

225 2513 396 2555 ἀτερπεῖς
422 2510 455 2556 γ’
536 2515 698 2545 294-96
726 2510 834 2545 affert
855 2510 956 2544 Stob.
978 2513 1010 2553 3,
1037 2513 1081 2543 27
1108 2509 1274 2543 versibus
1295 2508 1480 2553 Antiopae
1500 2508 1581 2552 (srg.
1604 2511 1671 2541 202
1690 2506 1751 2551 N.)

225 2565 480 2607 continuatos,
517 2564 579 2598 hic
619 2563 757 2598 delevit
788 2565 828 2598 A.
864 2562 1062 2607 steinberg
1181 2566 1250 2596 295
1282 2568 1429 2607 σοφοῖσι
1456 2559 1491 2596 δ’
1524 2589 1558 2595 ..
1593 2561 1655 2594 καὶ
1681 2559 1750 2605 γὰρ

226 2619 421 2662 Stobaeus,
448 2624 619 2662 σοφοῖσιν
641 2647 646 2652 .
671 2646 677 2651 .
705 2618 748 2651 οὐ
775 2616 844 2662 γὰρ
870 2616 949 2650 LG
1046 2619 1113 2649 296
1138 2614 1277 2649 ἐνεῖναι
1299 2643 1305 2649 .
1328 2642 1335 2648 .
1362 2612 1446 2648 λίαν
1467 2612 1660 2656 Stobaeus,
1686 2611 1752 2656 μὲν

226 2669 322 2707 εἶναι
350 2701 356 2706 .
386 2700 392 2706 .
420 2670 502 2716 λίην
528 2670 606 2705 LG
628 2672 633 2715 Ι
656 2668 774 2714 σοφόν
801 2669 982 2703 Stobaeus
1081 2672 1148 2702 298
1169 2667 1318 2713 ἄστεως]
1347 2666 1500 2709 Seidler,
1527 2665 1654 2705 ἄστεος
1674 2664 1751 2699 LG

321 2729 389 2759 300
417 2727 496 2759 HA.
523 2723 562 2757 in
588 2734 658 2758 ras.
686 2734 751 2757 scr.
780 2723 791 2756 l
822 2723 826 2768 Ι
862 2720 992 2766 φίλους
1018 2721 1135 2756 Cobet
1249 2723 1315 2754 301
1345 2719 1445 2753 delet
1471 2717 1657 2752 Czwalina

226 2782 294 2812 303
333 2776 508 2813 κάκείνου
543 2776 705 2811 Dindorf
821 2779 889 2809 304
925 2773 1153 2819 στολίζομαι]
1181 2772 1372 2816 Sohaefer‚
1407 2770 1599 2816 αὐλίζομαι
1624 2771 1702 2806 LG
1744 2771 1748 2817 Ι

226 2830 378 2871 πέπλοις
415 2832 505 2865 mut.
544 2830 585 2864 in
622 2828 783 2869 πέπλους
809 2829 860 2872 L,
898 2827 1058 2868 πέπλους
1087 2828 1119 2862 G
1240 2829 1307 2860 308
1340 2824 1477 2859 delevit
1503 2824 1658 2869 Camper

228 2888 297 2918 310
319 2887 403 2929 post
424 2888 489 2918 311
512 2882 744 2927 transposuit
768 2881 963 2916 Kirchhoff
1028 2885 1093 2915 311
1116 2879 1357 2926 γυμνὰςΕΘ,
1385 2889 1561 2923 superscr.
1588 2883 1721 2917 ναῖκας
1741 2877 1752 2911 l

228 2935 263 2978 (i.
292 2948 321 2971 e.
351 2938 540 2982 γυναῖκας)
564 2938 568 2982 Ι
590 2934 820 2981 παρθένους]
846 2934 1049 2979 Kirehh0ff‚
1075 2931 1265 2978 παρθένος
1290 2933 1324 2966 L
1336 2932 1368 2965 G
