1929 3208
279 193 304 232 (ς
904 189 1175 222 ΕΊί·,ιιιιΔοΥ

458 305 689 353 τροφαῖσιν
723 298 779 346 ὥς
811 313 875 345 τις
906 298 1102 350 πτύρίῖος
1133 296 1329 350 ηὐξάμην
1362 297 1509 345 ‘mistas’
1757 306 1802 336 ‘20

456 368 543 412 ἐπεὶ
581 367 627 410 otc
667 371 801 422 Τροία
833 364 880 409 θ’
906 364 1113 422 ’Έκτορός
1145 366 1180 407 τ’
1214 367 1450 409 ἀπόλλυται

459 441 572 495 ψυχὴ
605 437 782 495 πατρῴα
814 436 859 479 θ’
893 437 1011 479 ἑστία
1044 438 1293 492 κατεσκάφη

456 512 587 560 αὑτός
620 526 662 552 τε
695 512 827 565 βωμῷ
861 509 969 563 πρὸς
1000 511 1234 565 θεοδμήτςο
1268 510 1408 551 πίτνει

457 580 641 636 σφαγεὶς
671 578 897 635 Ἀχιλλέως
929 582 1085 630 παιδὸς
1117 580 1163 622 ἐκ
1194 581 1456 634 μιαιφόνου,

458 655 616 695 κτείνει
650 668 700 704 με
733 657 902 706 χρυσοῦ
935 652 1012 693 τὸν
1044 653 1322 705 ταλαίπωρον
1356 651 1485 707 χάριν
1759 663 1802 692 25

459 723 581 775 ξένος
612 729 812 780 πατρῷος
844 720 915 764 καὶ
947 722 1119 764 κτανὼν
1152 721 1194 771 ἐς
1227 719 1344 776 οἶδμ’
1376 721 1479 771 ἁλὸς

460 793 639 849 καθῆχ’,
673 792 730 835 ἵν’
763 793 895 843 αὐτὸς
926 793 1093 848 χρυσὸν
1126 793 1172 834 ἐν
1206 794 1358 847 δόμοις
1391 795 1476 848 ἔχη.

460 874 604 921 κεῖμαι
637 863 676 907 δ’
709 862 773 906 ἐπ’
804 863 955 918 ἀκτῆς,
990 862 1135 905 ἄλλοτ’
1169 863 1215 905 ἐν
1247 866 1413 906 πόντου
1446 864 1564 920 σάλῳ

463 940 644 986 πολλοῖς
676 936 876 984 διαύλοις
907 935 1114 989 κυμάτων
1147 936 1447 989 φορούμενος,

459 1010 674 1058 ἄκλαυτος
705 1008 891 1061 ἄταφος·
923 1012 1007 1048 νῦν
1041 1003 1081 1047 δ’
1116 1003 1226 1058 ὑπὲρ
1259 1007 1421 1061 μητρὸς
1452 1007 1583 1060 φίλης
1764 1018 1808 1049 30

450 1077 638 1134 τΕκάβης
670 1079 828 1123 ἀίσσω,
862 1075 972 1132 σῶμ’
1003 1076 1231 1131 ἐρημώσας
1263 1077 1388 1131 ἐμόν,

458 1158 653 1205 τριταῖον
686 1150 770 1204 ἤδη
803 1147 967 1203 φέγγος
1000 1149 1320 1202 αἰωρούμενος,

458 1223 648 1275 ὅσονπερ
682 1220 730 1262 έν
762 1225 816 1275 γῇ
848 1220 951 1274 τῇδε
985 1220 1263 1275 Χερσονησία

458 1295 598 1348 μήτηρ
631 1291 710 1347 ἐμὴ
744 1291 963 1344 δύστηνος
995 1289 1042 1331 ἐκ
1079 1291 1238 1344 Τροίας
1269 1291 1399 1346 πάρα.

458 1364 618 1413 πάντες
651 1361 691 1404 δ’
726 1359 888 1416 Ἀχαιοὶ
920 1366 1030 1410 ναῦς
1062 1361 1235 1416 ἔχοντες
1267 1361 1425 1416 ἥσυχοι
1765 1374 1808 1404 35

459 1433 678 1478 θάσσουσ’
711 1429 777 1476 ἐπ’
808 1432 957 1482 ἀκταῖς
988 1432 1119 1487 τῆσδε
1152 1434 1346 1488 Θρῃκίας
1377 1435 1559 1487 χθονός·

460 1507 483 1549 ὁ
517 1505 701 1561 Πηλέως
732 1505 815 1560 γὰρ
848 1510 948 1553 παῖς
980 1501 1090 1557 ὑπὲρ
1122 1504 1292 1558 τύμβου
1326 1503 1482 1558 φανεὶς

461 1576 631 1632 κατέσχ’
663 1575 885 1631 Ἀχιλλεὺς
916 1580 1004 1616 πᾶν
1036 1572 1268 1630 στράτευμ’
1300 1571 1581 1630 Ἑλληνικόν,

460 1650 569 1705 πρὸς
602 1645 726 1690 οἷκον
759 1647 1035 1696 εὐθύνοντας
1068 1645 1248 1688 ἐναλίαν
1280 1646 1467 1701 πλάτην·

463 1721 577 1762 αἰτεῖ
606 1717 645 1761 δ’
677 1718 876 1772 ἀδελφὴν
907 1718 988 1771 τὴν
1021 1715 1130 1771 ἐμὴν
1164 1716 1424 1772 Πολυξένην
1766 1729 1811 1760 40

461 1792 611 1848 τύμβῳ
645 1791 780 1845 φίλον
811 1789 1080 1843 πρόσφαγμα
1113 1787 1180 1829 καὶ
1216 1787 1346 1842 γέρας
1378 1791 1542 1843 λαβεῖν.

460 1861 532 1905 καὶ
563 1862 757 1912 τεύξεται
787 1857 913 1901 τοῦδ’
946 1857 1043 1901 οὐδ’
1075 1858 1298 1914 ἀδώρητος
1330 1863 1474 1914 φίλων

466 1936 586 1975 ἔσται.
618 1933 727 1987 πρὸς
758 1930 953 1985 ἀνδρῶν·
986 1930 1012 1983 ἡ
1045 1929 1305 1985 πεπρωμένη
1339 1927 1379 1972 δ’
1410 1932 1505 1986 ἄγει

468 2010 624 2047 θανεῖν
658 2002 856 2057 ἀδελφὴν
888 1999 982 2057 τῇδ’
1014 2000 1123 2056 ε’μὴν
1155 2000 1203 2043 ἐν
1234 2001 1386 2058 ἡμέρα.

406 2186 448 2215 20
475 2185 674 2224 τροφεῦσιν
701 2179 740 2213 Ε
761 2180 764 2225 Ι
789 2177 886 2218 ὅστις
911 2179 947 2213 A
973 2176 1079 2218 ὥστις
1104 2177 1158 2212 Α2
1180 2179 1184 2223 Ι
1207 2177 1333 2224 τάλας]
1361 2176 1474 2224 μέγας
1499 2178 1609 2213 Earle
1707 2183 1749 2212 21
1776 2176 1809 2212 τ’

287 2248 355 2270 om.
384 2235 446 2280 ΕΙ
471 2233 674 2268 ἀπόλλυται
700 2232 736 2266 Β
763 2245 781 2266 ο
809 2243 887 2276 sup.
916 2245 955 2266 αι
982 2243 1048 2266 scr.
1077 2232 1097 2265 b
1123 2230 1325 2267 ἀπόλλυται
1345 2233 1380 2266 L
1406 2245 1425 2266 ο
1451 2231 1490 2266 in
1517 2246 1544 2266 ω
1571 2233 1662 2268 mut.
1690 2234 1728 2267 et
1753 2245 1813 2266 ται

286 2301 394 2324 teser.
424 2290 435 2322 l
473 2282 636 2322 ἀπώλετο
669 2299 691 2332 ς]
728 2285 767 2320 in
799 2297 916 2331 marg.
950 2297 1017 2320 ser.
1051 2287 1089 2320 eb
1121 2284 1173 2319 sic
1206 2285 1320 2321 schol.
1354 2286 1440 2320 Hec.
1469 2289 1535 2319 177
1658 2290 1701 2319 22
1729 2286 1812 2319 fort.

286 2339 457 2388 πατρῷός
492 2343 495 2386 Ι
531 2339 775 2384 κατεσκάφθη
803 2339 843 2374 Ε
947 2343 990 2373 23
1020 2340 1074 2385 τε]
1101 2337 1142 2373 δὲ
1170 2339 1253 2373 ΒΕ
1285 2340 1288 2384 Ι
1323 2338 1552 2383 λιθοδμήτωι
1578 2340 1614 2374 A
1640 2353 1694 2384 γρ.
1722 2338 1814 2382 πρὸς

286 2394 499 2439 θεοδμήτωι
525 2394 578 2428 Α2
604 2393 643 2427 in
669 2404 784 2437 marg.
814 2404 879 2427 ser.
909 2392 1052 2427 scholia
1078 2391 1242 2426 scribens
1265 2392 1270 2437 Ι
1293 2397 1416 2426 πιτνεῖ
1440 2392 1527 2426 libri
1626 2396 1669 2426 ⁶26
1695 2392 1815 2434 ξεῖνος

287 2449 326 2483 Ε
347 2450 350 2493 Ι
374 2445 513 2492 καθῆχ’
544 2446 784 2492 Herwerden]
813 2445 947 2491 μεθῆχ’
977 2445 1064 2479 libri
1188 2449 1232 2479 28
1259 2444 1419 2490 ἐπακτῆς
1444 2446 1495 2491 A]
1523 2444 1580 2480 ἐπ’
1606 2446 1736 2485 ἀκταῖς
1759 2457 1779 2480 r
1808 2446 1811 2490 Ι

289 2502 413 2536 ἄλλοτε
441 2499 579 2535 πόντου
600 2500 634 2534 A
658 2502 661 2544 Ι
686 2498 780 2545 σάλῳ
807 2511 876 2533 om.
900 2499 933 2533 A
962 2498 1045 2533 add.
1067 2498 1122 2534 Α2
1194 2502 1239 2532 30
1266 2497 1448 2538 ἄκλαυτος
1473 2498 1522 2544 L]
1550 2497 1753 2538 ἄκλαυστος
1771 2498 1811 2545 νΙ

288 2555 433 2599 ἄταφος
466 2555 552 2588 ante
585 2553 767 2592 ἄκλαυτος
799 2552 1016 2596 (ἄκλαυστος
1044 2551 1090 2595 G)
1122 2552 1266 2595 ponunt
1296 2551 1375 2586 LG
1497 2555 1540 2584 33
1567 2549 1654 2586 ὅσον
1680 2551 1714 2585 L
1745 2563 1813 2595 περ

290 2619 468 2652 superscr.
497 2607 509 2640 l
535 2607 632 2641 ἐστιν
659 2616 836 2650 supersoer.
864 2606 916 2640 L¹
939 2608 943 2650 Ι
967 2602 1196 2652 Χερσονησία
1222 2604 1386 2651 Brunck]
1413 2602 1632 2652 χερρονησίᾳ
1659 2603 1747 2638 libri

289 2665 332 2695 35
360 2659 415 2706 δ’]
442 2658 475 2694 τ’
506 2662 542 2695 A
657 2663 701 2693 36
727 2657 905 2703 θρηϊκίας
930 2659 966 2693 Β
992 2656 1169 2702 θρηῖκίης
1193 2658 1228 2691 L
1337 2662 1381 2692 38
1408 2671 1461 2702 γρ.
1489 2658 1552 2692 καὶ
1577 2655 1735 2702 ἀχαϊκόν
1761 2657 1815 2692 A¹

289 2714 327 2748 in
365 2725 481 2758 marg.
522 2712 665 2747 scholia
704 2712 867 2746 scribens
996 2715 1038 2745 39
1072 2709 1224 2746 ἐναλίαν
1261 2712 1357 2757 AB]
1397 2708 1563 2746 εἰναλίαν
1599 2710 1690 2755 rA2,
1728 2710 1813 2745 fort.

290 2768 437 2803 ἐνάλιον
461 2769 465 2811 Ι
488 2766 631 2801 πλάταν
657 2767 692 2801 L
789 2770 834 2799 42
860 2764 984 2811 τοῦδ’]
1011 2770 1076 2799 τοῦ
1103 2763 1143 2798 δὲ
1173 2765 1205 2799 G
1228 2768 1231 2808 Ι
1256 2765 1298 2799 οὐ
1326 2764 1395 2810 γὰρ
1421 2765 1456 2799 L
1547 2767 1592 2797 44
1617 2761 1698 2809 τῇδ’
1723 2763 1813 2808 ἐμὴν
1840 2782 1844 2786 -

291 2821 330 2855 ἐν
365 2819 479 2868 ἡμέρα
512 2819 659 2866 scripsi]
690 2819 758 2864 τὴν
791 2819 881 2864 ἐμὴν
913 2817 994 2865 τῇδ’
1026 2816 1142 2866 ἡμέρα
1175 2819 1273 2853 AGI
1303 2817 1371 2862 τὴν
1404 2817 1495 2862 ἐμὴν
1527 2828 1665 2852 ******
1692 2817 1726 2851 L
1758 2830 1812 2861 γρ.

291 2872 375 2919 τῷδ’
408 2874 498 2918 ἐμὴν
525 2873 564 2907 ἐν
592 2873 701 2916 ἤματι
732 2873 773 2907 in
797 2883 913 2917 marg.
942 2872 989 2906 ad
1016 2884 1046 2906 V.
1068 2875 1112 2906 40
1139 2872 1256 2906 adscr.
1285 2870 1427 2906 scholia
1453 2869 1616 2905 scribens
1641 2870 1695 2904 Α1
1720 2868 1808 2917 τῷδ’

292 2927 381 2971 ἐμὴν
408 2927 447 2962 ἐν
476 2927 584 2970 ἤματι,
611 2927 694 2960 BE
