1929 3208
282 132 333 173 16
928 131 1196 165 κΤΡιιιιΔοΤ

489 238 513 292 ἢ
547 240 713 292 μόσχον
745 238 882 281 ὀπτὸν
913 239 939 293 ἥ
971 255 1012 280 τι
1043 241 1230 294 θήρειον
1261 238 1394 290 δάκος
1774 253 1842 285 326

490 309 753 362 δαινύμενος
786 306 834 351 εὖ
867 306 1036 364 τέγγων
1068 325 1112 351 τε
1145 308 1318 365 γαστέρ’
1348 310 1511 354 ὑπτίαν

489 379 707 422 ε’πεκπιὼν
739 380 953 434 γάλακτος
984 379 1185 436 ἀμφορέα
1217 381 1386 423 πέπλον

489 451 655 505 κρούω,
687 452 797 501 Διὸς
827 454 1087 506 βρονταῖσιν
1119 453 1181 502 εἰς
1212 449 1307 507 ἔριν
1338 460 1527 495 κτυπῶν.

489 523 596 564 ὅταν
627 522 676 564 δὲ
707 520 867 577 βορέας
898 525 1025 578 χιόνα
1059 521 1250 582 Θρῄκιος
1281 524 1377 583 χέῃ,

488 594 663 648 δοραῖσι
694 598 852 649 θηρῶν
885 602 1007 648 σῶμα
1039 595 1290 649 περιβαλὼν
1323 594 1429 648 ἐμὸν
1773 606 1842 638 380

487 665 559 706 καὶ
591 671 681 720 πῦρ
713 665 932 719 ἀναίθων,
963 666 1111 720 χιόνος
1143 665 1276 708 οὐδέν
1307 682 1381 720 μοι
1412 663 1542 720 μέλει.

486 736 512 790 ἡ
546 743 599 791 γῆ
633 737 673 778 δ’
704 736 893 795 ἀνάγκῃ,
924 736 1008 778 κᾶν
1038 734 1152 795 θέλῃ
1183 736 1267 779 κᾶν
1297 738 1355 792 μὴ
1388 737 1521 797 θέλῃ,

487 809 694 850 τίκτουσα
726 809 860 850 ποίαν
891 807 1004 861 τάμὰ
1035 809 1202 850 πιαίνει
1233 808 1354 862 βοτά.

486 878 578 933 ἁγὼ
611 880 755 921 οὔτινι
785 879 885 921 θύω
918 880 1033 934 πλὴν
1065 878 1181 934 ἐμοί,
1212 884 1361 922 θεοῖσι
1393 877 1434 922 δ’
1465 880 1539 934 οὕ,

486 950 558 992 καὶ
590 956 641 1006 τῇ
673 951 874 1009 μεγίστῃ,
906 951 1062 1005 γαστρὶ
1087 951 1211 1009 τῇδε,
1243 951 1485 1005 δαιμόνων·
1772 963 1840 994 336

487 1021 545 1071 ὡς
577 1021 808 1075 τούμπιεῖν
840 1036 889 1076 γε
920 1021 1172 1082 κάμφαγεῖν
1203 1022 1336 1077 τούφ’
1365 1022 1532 1078 ἡμέραν

489 1095 600 1143 Ζεὺς
632 1089 761 1143 οὗτος
793 1093 1074 1148 ἀνθρώποισι
1105 1099 1217 1135 τοῖσι
1252 1094 1496 1149 σώφροσιν,

487 1167 644 1206 λυπεῖν
676 1164 725 1206 δὲ
756 1164 895 1219 μηδὲν
926 1163 1078 1206 αὑτόν·
1113 1165 1158 1206 οἳ
1187 1164 1236 1206 δὲ
1267 1166 1371 1214 τοὺς
1402 1166 1568 1219 νόμους

485 1233 643 1277 ἔθεντο
674 1237 977 1284 ποικίλλοντες
1009 1234 1264 1290 ἀνθρώπων
1296 1237 1413 1289 βίον,

485 1307 654 1348 κλαίειν
685 1307 850 1360 ἄνωγα·
883 1307 965 1361 τὴν
996 1302 1037 1347 δ’
1069 1305 1178 1361 ἐμὴν
1209 1307 1357 1361 ψυχὴν
1389 1305 1474 1361 ἐγὼ
1770 1316 1838 1349 340

486 1377 538 1419 οὐ
571 1377 795 1431 παύσομαι
826 1378 945 1431 δρῶν
975 1373 1024 1419 εὖ
1056 1401 1115 1407 -—
1146 1378 1396 1419 κατεσθίων
1427 1392 1473 1419 τε
1505 1374 1566 1419 σέ.

485 1447 604 1499 ξένια
636 1448 686 1491 δὲ
718 1450 834 1507 λήψῃ
865 1447 1023 1502 τοιάδ’,
1055 1448 1113 1498 ὡς
1145 1448 1366 1502 ἄμεμπτος
1398 1445 1452 1503 ὦ,

483 1526 573 1575 πῦρ
605 1520 678 1562 καὶ
709 1527 917 1575 πατρῷον
947 1520 1077 1561 τόνδε
1109 1519 1269 1574 λέβητά
1300 1517 1361 1574 γ’,
1393 1519 1441 1570 ὃς
1473 1520 1595 1571 ζέσας

485 1591 570 1646 σὴν
602 1591 742 1646 σάρκα
773 1591 1047 1646 διαφόρητον
1079 1589 1262 1646 ἀμφέξει
1293 1595 1446 1642 καλῶς.

484 1661 578 1704 ἀλλ’
609 1661 751 1717 ἕρπετ’
781 1662 904 1716 εἴσω,
936 1669 995 1718 τῷ
1027 1661 1123 1704 κατ’
1153 1663 1311 1704 αὔλιον
1340 1667 1434 1720 θεῷ
1769 1673 1836 1706 345

484 1733 544 1776 ἵν’
573 1732 683 1788 ἀμφὶ
717 1734 867 1787 βωμὸν
900 1733 1079 1783 στάντες
1110 1733 1298 1788 εὐωχῆτέ
1328 1749 1392 1788 με.

332 1848 422 1888 ΟΔ.
484 1846 595 1900 αἰαῖ,
627 1847 794 1896 πόνους
825 1846 905 1899 μὲν
944 1847 1167 1899 Τρωικοὺς
1198 1844 1416 1896 ὑπεξέδυν

482 1919 758 1966 θαλασσίους
789 1932 855 1971 τε,
887 1922 974 1959 νῦν
1006 1916 1045 1959 δ’
1076 1915 1120 1967 ἐς
1152 1916 1316 1972 ἀνδρὸς
1347 1917 1533 1959 ἀνοσίου

483 1988 663 2043 γνώμην
693 1987 905 2043 κατέσχον
937 1987 1147 2041 ἀλίμενόν
1177 2003 1223 2030 τε
1254 1988 1453 2043 καρδίαν.

483 2056 516 2101 ὦ
549 2059 749 2114 Παλλάς,
781 2056 815 2101 ὦ
848 2059 1059 2101 δέσποινα
1092 2059 1303 2113 Διογενὲς
1335 2059 1441 2114 θεά,
1767 2069 1835 2102 350

482 2136 568 2172 νῦν
599 2137 686 2173 νῦν
717 2129 896 2185 ἄρηξον·
929 2131 1189 2184 κρείσσονας
1219 2131 1304 2186 γὰρ
1333 2127 1461 2173 Ἰλίου

482 2203 648 2251 πόνους
679 2201 867 2257 ἀφῖγμαι
898 2201 1004 2244 κάπὶ
1035 2201 1250 2244 κινδύνου
1281 2201 1443 2256 βάθρα.

328 2351 395 2382 325
422 2348 487 2382 καὶ
511 2347 649 2393 μόσχον
684 2348 912 2383 Boissonade
939 2347 944 2394 Ι
968 2346 1003 2382 τί
1037 2349 1072 2383 L
1170 2351 1237 2382 326
1265 2345 1304 2383 εὖ
1343 2346 1481 2393 τέγγων
1517 2348 1571 2394 τε]
1598 2347 1753 2391 Reiske,
1793 2347 1833 2382 ἐν

269 2398 432 2447 στέγοντι
451 2402 486 2436 L
583 2405 650 2436 327
678 2398 751 2436 εἶτ’
772 2401 910 2436 ἐκπιὼν
931 2401 1128 2446 Musgrave
1226 2404 1294 2436 329
1321 2402 1458 2447 βορρᾶς
1476 2400 1609 2436 Nauck
1631 2401 1637 2448 Ι
1658 2399 1835 2446 θρηΐκιος

268 2454 303 2489 L
411 2457 481 2488 330
513 2455 722 2500 περιλαβὼν
759 2456 851 2489 mut.
890 2454 930 2489 in
966 2455 1175 2500 περιβαλὼν
1212 2455 1248 2490 L
1355 2458 1422 2489 333
1456 2452 1646 2501 τίκτουσα]
1685 2455 1834 2499 φύουσα

268 2507 451 2553 Athenag.
478 2507 549 2552 leg.
575 2518 642 2552 pro
670 2507 803 2543 Christ.
830 2519 865 2552 p.
894 2511 938 2542 28
1043 2511 1111 2543 334
1138 2507 1162 2543 ἃ
1183 2505 1250 2553 ’γώ
1277 2508 1312 2542 L
1404 2510 1472 2542 335
1498 2507 1582 2542 fort.
1608 2509 1658 2554 τῷ
1678 2505 1833 2554 μεγίστῳ

327 2564 396 2595 336
420 2561 629 2607 τούμπιεῖν]
657 2561 810 2604 Reiske‚
845 2567 910 2596 τοῦ
935 2567 1036 2596 πιεῖν
1062 2562 1097 2596 L
1125 2561 1128 2607 l
1158 2561 1385 2607 κάμφαγεῖν]
1412 2560 1566 2604 Reiske‚
1600 2560 1665 2595 καὶ
1698 2565 1833 2605 φαγεῖν

268 2615 302 2649 L
400 2617 468 2648 338
494 2615 614 2648 λιπεῖν
640 2614 687 2657 L,
713 2615 842 2648 λυπεῖν
870 2615 882 2648 l
979 2618 1047 2649 340
1072 2614 1140 2659 τὴν
1161 2615 1216 2660 δ’]
1238 2614 1389 2657 Barnea,
1415 2613 1482 2659 τὴν
1508 2614 1544 2648 L
1641 2617 1707 2648 341
1734 2611 1774 2648 τέ
1794 2623 1833 2648 σε

268 2668 302 2702 L
399 2671 466 2702 342
494 2667 551 2713 δὲ]
578 2667 656 2709 Fix,
682 2680 720 2702 τε
740 2668 774 2702 L
797 2669 801 2710 Ι
825 2665 1025 2714 ἄμεμπτος]
1048 2667 1196 2710 Aldina,
1218 2666 1379 2711 ἄμεπτος
1398 2668 1433 2702 L
1530 2670 1598 2701 343
1623 2672 1698 2710 πῦρ
1724 2665 1833 2711 κάχε-

266 2722 358 2767 λῷον
382 2721 447 2755 καὶ
473 2718 608 2766 λέβηθ’
635 2718 733 2760 ὅστις
757 2718 862 2761 ζέσας
888 2719 1111 2756 Herwerden
1138 2718 1282 2766 (λέβηθ’
1314 2717 1414 2760 ὅστις
1438 2720 1496 2755 vel
1521 2717 1634 2764 ὅσπερ
1661 2719 1831 2764 Dobree)‚

267 2773 395 2807 malim
419 2779 493 2817 πῦρ
518 2773 702 2820 κάχελῷον
726 2771 791 2808 τὸν
817 2771 951 2819 λέβητά
969 2774 1015 2808 θ’
1036 2772 1076 2814 ὃς
1095 2772 1199 2816 ζέσας
1291 2777 1360 2808 344
1386 2770 1633 2819 διαφόρητον]
1654 2772 1833 2818 Scaliger,

268 2824 504 2871 δυσφόρητον
530 2827 564 2861 L
661 2830 729 2861 346
767 2824 906 2873 βωμὸν]
945 2826 990 2861 Η.
1024 2826 1254 2871 Stephanus,
1293 2831 1416 2871 κῶμον
1442 2827 1477 2862 L
1575 2829 1642 2861 349
1667 2825 1832 2872 γνώμην]

268 2879 368 2924 ὠμὴν
393 2879 530 2914 Reiske
629 2883 695 2914 352
721 2877 876 2926 πόνους]
903 2879 988 2915 fort.
1015 2877 1192 2924 μόχθους.
1245 2877 1316 2914 cfr.
1345 2883 1425 2923 347,
1453 2879 1629 2914 Androm.
1657 2881 1724 2913 305
