1929 3208
707 139 952 170 ΑΛΚΗΣΤΙΣ

256 244 518 299 προσείπατ’
551 244 752 295 ἐξιοῦσαν
784 245 975 299 ὑστάτην
1008 245 1126 288 ὁδόν.
1540 258 1607 287 610

103 318 191 358 ΧΟ.
256 315 328 357 καὶ
360 316 447 370 μὴν
479 315 566 369 ὁρῶ
594 317 674 358 σὸν
707 316 870 369 πατέρα
901 320 1070 372 γηραιῷ
1102 316 1205 358 ποδὶ

259 387 480 441 στείχοντ’
514 386 709 436 ὀπαδούς
740 388 776 428 τ’
809 386 857 429 ἐν
890 394 1039 441 χεροῖν
1072 388 1258 441 δάμαρτι
1292 393 1345 442 σῇ

257 459 424 510 κόσμον
457 457 693 512 φέροντας,
726 458 943 512 νερτέρων
976 459 1210 511 ἀγάλματα.

739 577 910 608 ‹1›EP11>.'.

254 648 342 702 ἥκω
375 655 547 690 κακοῖσι
579 655 695 689 σοῖσι
728 648 1007 701 συγκάμνων,
1040 648 1216 690 τέκνον·

255 719 420 773 ἐσθλῆς
451 719 557 773 γάρ,
591 717 738 767 οὐδεὶς
770 718 964 771 ἀντερεῖ,
997 719 1069 760 καὶ
1102 719 1333 772 σώφρονος
1539 731 1605 761 615

255 791 464 844 γυναικὸς
495 790 753 843 ἡμάρτηκας.
819 788 929 830 ἀλλὰ
961 795 1096 830 ταῦτα
1128 789 1208 842 μὲν

255 860 409 914 φέρειν
442 860 608 914 ἀνάγκη
635 861 790 913 καίπερ
823 860 929 901 ὄντα
961 860 1178 914 δύσφορα.

254 931 384 986 δέχου
418 932 466 973 δὲ
499 933 664 984 κόσμον
695 931 848 984 τόνδε,
880 931 952 972 καὶ
984 932 1092 972 κατὰ
1123 933 1290 986 χθονὸς

255 1003 348 1044 ἴτω·
381 1004 428 1044 τὸ
463 1003 622 1056 ταύτης
655 1010 777 1055 σῶμα
810 1006 1021 1054 τιμᾶσθαι
1053 1003 1207 1056 χρεών,

252 1074 344 1128 ἥτις
376 1089 424 1128 γε
457 1080 532 1127 τῆς
565 1080 643 1127 σῆς
675 1073 906 1128 προύθανε
937 1080 1099 1128 ψυχῆς,
1131 1073 1301 1128 τέκνον,
1537 1086 1604 1116 620

252 1147 327 1186 καί
356 1145 405 1198 μ’
440 1145 519 1186 οὐκ
554 1144 708 1186 ἄπαιδ’
741 1142 902 1198 ἔθηκεν
935 1142 1039 1186 οὐδ’
1074 1144 1192 1186 εἴασε
1226 1152 1307 1187 σοῦ

252 1215 459 1270 στερέντα
492 1219 604 1272 γήρᾳ
636 1217 838 1272 πενθίμῳ
859 1217 1169 1270 καταφθίνειν,

252 1287 410 1337 πάσαις
442 1287 482 1328 δ’
517 1286 678 1341 ἔθηκεν
710 1285 1013 1341 εὐκλεέστερον
1045 1288 1146 1340 βίον

253 1358 469 1412 γυναιξίν,
501 1356 633 1412 ἔργον
665 1361 800 1400 τλᾶσα
832 1364 1040 1411 γενναῖον
1072 1358 1185 1400 τόδε.

252 1427 284 1471 ὦ
319 1430 449 1471 τόνδε
481 1429 561 1482 μὲν
594 1429 773 1481 σώσασ’,
806 1429 1087 1482 ἀναστήσασα
1120 1429 1168 1470 δὲ
1534 1442 1601 1472 625

252 1501 362 1554 ἡμᾶς
393 1502 649 1554 πίτνοντας,
681 1507 823 1554 χαῖρε,
856 1499 939 1541 κάν
961 1497 1114 1541 ’Ἅιδου
1148 1501 1299 1553 δόμοις

251 1568 300 1613 εὖ
333 1584 403 1613 σοι
435 1573 618 1625 γένοιτο.
682 1571 794 1625 φημὶ
826 1572 1054 1620 τοιούτους
1085 1572 1252 1625 γάμους

254 1643 376 1684 λύειν
408 1644 649 1696 βροτοῖσιν,
680 1642 706 1695 ἢ
734 1649 888 1696 γαμεῖν
921 1641 1001 1683 οὐκ
1034 1641 1168 1692 ἄξιον.

95 1718 192 1756 ΑΔ.
255 1714 348 1756 οὔτ’
379 1711 515 1767 ἦλθες
553 1712 596 1762 ἐς
628 1713 749 1755 τόνδ’
781 1712 824 1763 ἐξ
857 1712 963 1766 ἐμοῦ
995 1714 1177 1767 κληθεὶς
1209 1714 1350 1768 τάφον

249 1784 334 1827 οὔτ’
371 1784 419 1826 ἐν
453 1786 622 1838 φίλοισι
655 1786 738 1839 σὴν
769 1786 1018 1838 παρουσίαν
1051 1784 1174 1838 λέγω,
1533 1797 1600 1827 630

247 1858 413 1909 κόσμον
454 1856 503 1898 δὲ
535 1857 612 1898 τὸν
645 1857 725 1897 σὸν
757 1854 913 1898 οὔποθ’
949 1854 1018 1910 ἥδ’
1057 1855 1298 1898 ἐνδύσεται.

249 1928 300 1969 οὐ
334 1927 416 1981 γάρ
449 1942 489 1968 τι
521 1934 610 1969 τῶν
643 1934 734 1968 σῶν
765 1925 917 1981 ἐνδεὴς
949 1930 1199 1982 ταφήσεται.

250 2000 345 2040 τότε
378 1997 613 2051 ξυναλγεῖν
639 2004 750 2052 χρῆν
783 1999 818 2039 σ’
855 1996 916 2040 ὅτ’
955 1999 1161 2053 ὠλλύμην
1193 1998 1292 2053 ἐγώ,

249 2071 304 2110 σὺ
337 2069 375 2110 δ’
413 2068 612 2110 ἐκποδὼν
639 2070 741 2118 στὰς
773 2069 843 2110 καὶ
877 2069 1029 2122 παρεὶς
1061 2070 1177 2126 ἄλλῳ
1210 2074 1370 2111 θανεῖν

248 2140 332 2196 νέῳ
366 2139 507 2194 γέρων
546 2140 608 2181 ὢν
639 2137 759 2181 τόνδ’
797 2138 1052 2192 ἀποιμώζεις
1085 2142 1256 2195 νεκρόν.
1532 2149 1599 2179 635

249 2211 344 2263 [οὐκ
377 2208 481 2265 ἧσθ’
520 2211 584 2265 ἄρ’
621 2211 768 2264 ὀρθῶς
829 2212 959 2252 τοῦδε
992 2212 1189 2264 σώματος
1222 2213 1363 2266 πατὴρ

250 2281 348 2324 οὐδ’
384 2282 409 2335 ἡ
443 2288 584 2324 τεκεῖν
618 2282 850 2336 φάσκουσα
882 2283 955 2324 καὶ
986 2282 1226 2337 κεκλημένη

249 2355 386 2406 μήτηρ
419 2352 464 2405 μ’
496 2350 650 2394 ἔτικτε·
685 2353 868 2395 δουλίου
903 2353 943 2394 δ’
976 2352 1052 2408 ἀφ’
1090 2353 1269 2406 αἵματος

98 2508 164 2538 617
205 2503 374 2547 δύσφορα
413 2506 440 2539 S
477 2506 528 2547 (et
565 2505 606 2538 a³
644 2505 682 2539 iu
717 2505 864 2550 marg.)]
903 2508 1062 2550 ὸυσμενῆ
1100 2517 1119 2539 ν
1246 2509 1313 2539 622
1351 2505 1600 2549 καταφθιίἐιν

36 2550 237 2596 Matthiae]
274 2553 525 2596 καταφθιυεῐν
559 2551 645 2586 libri
769 2556 835 2587 623
871 2552 1122 2595 εὐκλεέστερον
1148 2553 1200 2598 Β]
1233 2552 1490 2588 εὐκλεέστατον
1524 2565 1540 2586 r

36 2602 103 2633 625
129 2595 234 2633 τόνδ’
264 2596 352 2643 ἐμόν
378 2598 405 2634 S
442 2601 448 2643 Ι
489 2598 640 2644 σώσασ’]
668 2599 752 2634 σώσ’
781 2600 816 2634 Β
957 2603 1024 2634 626
1051 2599 1251 2640 πίτνοντας
1277 2599 1314 2646 α]
1342 2599 1539 2639 πιτνόντας
1564 2601 1599 2634 Β

35 2651 258 2686 πιτνοῦντας
288 2646 315 2680 S
363 2648 368 2689 Ι
414 2646 484 2681 κάν
523 2646 551 2681 S
583 2647 630 2691 (L
656 2647 695 2680 in
732 2647 822 2728 ras*
851 2648 929 2683 κείν
954 2659 974 2682 ν
1094 2650 1162 2682 630
1188 2647 1294 2691 λέγω]
1321 2645 1415 2692 νέμω
1443 2647 1479 2681 F.
1502 2646 1599 2681 Guil.

36 2692 207 2728 Schmidt
281 2696 346 2727 631
376 2693 442 2728 τὸν
469 2693 547 2739 σὸν]
575 2699 706 2729 τοῦτον
732 2694 841 2730 Eare
915 2698 982 2729 635
1010 2695 1229 2739 ἀποιμώζεις
1255 2695 1306 2740 Β]
1333 2695 1554 2739 ἀποιμώξεις
1575 2695 1603 2729 S

37 2740 229 2785 ἀποιμώζῃ
267 2752 291 2775 α
323 2740 516 2785 ἀποιμώξῃ
543 2740 690 2785 νεκρόνς
716 2741 900 2776 Matthiae
1039 2745 1201 2776 636-39
1246 2742 1376 2775 induxi
1422 2744 1596 2784 (636-41

37 2787 192 2822 damnat
230 2787 412 2828 Badham,
451 2791 516 2822 641
557 2788 633 2822 iam
672 2787 712 2823 G.
740 2789 783 2824 A.
804 2788 970 2834 Wagner
1005 2789 1236 2833 proscripsit,
1275 2791 1352 2823 638.
1394 2792 1473 2823 639.
1512 2789 1601 2823 eicit¹

37 2834 189 2878 Nauck,
234 2835 299 2878 qui
344 2834 432 2879 oljm
478 2838 641 2869 637—39
686 2838 878 2880 suspectos
917 2835 1098 2878 habebat,
1145 2839 1305 2870 637-7-41
1353 2835 1453 2870 delet
1489 2836 1599 2874 Weil,

38 2884 206 2917 637-42
233 2881 406 2926 Schenkl,
432 2885 608 2917 634—39
635 2882 757 2926 Earle)

105 2953 326 2984 Euripides:
353 2954 490 2979 Alce-tis.
514 2954 636 2980 E‹l.111.
1366 2957 1384 2987 3
