1929 3208
791 156 876 190 ῙΩΝ
1543 156 1598 196 63

287 267 437 318 ἔμελλε
470 261 509 306 δ’
547 264 656 305 αὐτὰ
689 265 988 318 διασιωπήσας
1021 263 1128 314 ἄναξ

285 334 332 395 ἐν
363 342 458 384 ταῖς
486 332 692 389 Ἀθήναις
724 342 932 389 γνωριεῖν
963 335 1127 389 ταύτην
1159 350 1204 376 τε
1237 336 1334 388 σήν,

285 405 337 447 σε’
365 404 412 447 θ’
451 406 509 455 ὡς
540 404 738 459 πέφυκας
769 406 900 460 τῆσδε
933 404 1003 447 καὶ
1042 407 1213 459 Φοίβου
1245 406 1419 460 πατρός.

284 474 378 518 ἀλλ’
415 477 472 526 ὡς
505 479 696 531 περαίνω
728 483 905 531 πρᾶγμα
937 476 1008 517 καὶ
1040 478 1264 531 χρησμοὺς
1295 481 1401 532 θεῷ,

286 545 354 600 ἐφ’
393 542 511 589 οἷσιν
543 546 676 598 ἔζευξ’
712 545 885 601 ἅρματ’,
918 548 1246 588 εἰσακούσατον.
1509 558 1598 589 1570

285 621 482 672 λαβοῦσα
514 619 643 659 τόνδε
675 620 811 659 παῖδα
844 618 1095 671 Κεκροπίαν
1127 619 1271 671 χθόνα

283 690 427 743 χώρει,
461 688 676 743 Κρέουσα,
708 688 786 738 κάς
816 690 1012 742 θρόνους
1042 690 1335 742 τυραννικοὺς

284 761 489 814 ἵδρυσον·
522 759 568 801 ἐκ
599 760 683 813 γὰρ
715 765 804 800 τῶν
830 757 1072 813 Ἐρεχθέως
1102 760 1241 812 γεγὼς

287 832 455 880 δίκαιος
486 831 637 885 ἄρχειν
668 836 745 883 τῆς
776 829 880 884 ἐμῆς
911 830 986 871 ὅδε
1018 831 1195 884 χθονός.

284 903 403 943 ἔσται
437 899 475 943 δ’
513 899 580 942 ἀν’
612 898 788 942 Ἑλλάδ’
823 901 1018 954 εὐκλεής·
1051 901 1097 942 οἱ
1124 902 1254 942 τοῦδε
1287 902 1370 955 γὰρ
1507 914 1596 944 1575

284 974 437 1022 παῖδες
469 974 700 1026 γενόμενοι
732 971 938 1026 τέσσαρες
970 971 1087 1026 ῥίζης
1118 978 1218 1026 μιᾶς

285 1044 508 1098 ἐπώνυμοι
541 1049 619 1097 γῆς
650 1042 920 1093 κάπιφυλίου
952 1044 1119 1098 χθονὸς

283 1119 401 1156 λαῶν
433 1117 623 1168 ἔσονται,
655 1115 870 1156 σκόπελον
903 1116 949 1156 οἳ
982 1112 1157 1155 ναίουσ’
1193 1113 1309 1169 ἐμόν.

288 1185 455 1228 Γελέων
487 1184 567 1240 μὲν
600 1187 719 1227 ἔσται
751 1192 940 1239 πρῶτος·
974 1182 1066 1227 εἶτα
1101 1186 1304 1239 δεύτερος

275 1325 480 1381 Ὅπλητες
506 1325 720 1381 Ἀργαδῆς
751 1323 805 1381 τ’,
838 1326 940 1382 ἐμῆς
972 1325 1044 1368 ἀπ’
1081 1328 1251 1381 αἰγίδος
1507 1341 1597 1369 1550

284 1399 482 1451 ἔμφυλον
511 1396 654 1448 ἓ’ξουσ’
694 1399 943 1453 Αἰγικορῆς.
1006 1398 1051 1439 οἱ
1080 1399 1218 1440 τῶνδε
1252 1397 1293 1439 δ’
1329 1396 1385 1440 αὖ

284 1470 437 1518 παῖδες
467 1471 698 1524 γενόμενοι
731 1471 815 1510 σὺν
847 1471 992 1526 χρόνῳ
1025 1468 1297 1526 πεπρωμένῳ

286 1540 519 1588 Κυκλάδας
550 1539 834 1593 ἐποικήσουσι
865 1541 1048 1594 νησαίας
1079 1542 1228 1590 πόλεις

285 1610 467 1665 χέρσους
497 1626 543 1652 τε
575 1610 807 1665 παράλους,
842 1610 864 1652 ὃ
898 1609 1060 1661 σθένος
1092 1612 1204 1666 τήμῇ
1237 1611 1369 1666 χθονὶ

283 1682 484 1723 δίδωσιν·
517 1681 798 1736 ἀντίπορθμα
831 1680 870 1723 δ’
908 1682 1108 1738 ἠπείροιν
1141 1684 1270 1724 δυοῖν
1504 1696 1594 1725 1585

283 1752 412 1793 πεδία
443 1754 795 1807 κατοικήσουσιν,
822 1751 1024 1803 Ἀσιάδος
1055 1770 1099 1795 τε
1132 1761 1211 1808 γῆς

285 1823 519 1878 Εὐρωπίας
550 1837 614 1865 τε·
646 1825 777 1866 τοῦδε
811 1822 850 1865 δ’
887 1824 1103 1879 ὀνόματος
1133 1825 1262 1880 χάριν

272 1893 424 1944 Ἴωνες
456 1894 782 1950 ὀνομασθέντες
814 1894 991 1946 ἕξουσιν
1023 1896 1159 1945 κλέος.

284 1965 448 2022 Ξούθῳ
482 1964 529 2007 δὲ
561 1964 632 2007 καὶ
666 1964 735 2007 σοὶ
767 1968 962 2020 γίγνεται
994 1967 1148 2008 κοινὸν
1180 1965 1320 2020 γένος,

286 2040 445 2090 Δῶρος
475 2037 570 2090 μέν,
603 2038 738 2078 ἔνθεν
770 2035 920 2091 Δωρὶς
950 2037 1253 2091 ὑμνηθήσεται
1508 2050 1597 2080 1590

285 2108 426 2159 πόλις,
457 2105 544 2148 κατ’
581 2103 683 2148 αἶαν
718 2109 943 2149 Πελοπίαν
976 2105 1016 2148 δ’
1054 2107 1077 2149 ὁ
1110 2108 1314 2163 δεύτερος

280 2175 463 2231 Ἀχαιός,
496 2177 544 2226 ὃς
574 2184 653 2232 γῆς
685 2180 901 2232 παραλίας
933 2178 1045 2220 Ῥίου
1077 2178 1210 2228 πέλας

283 2249 499 2302 τύραννος
532 2250 667 2303 ἔσται,
699 2249 1137 2304 κάπισημανθήσεται

169 2421 258 2452 1566
280 2418 394 2452 αὐτοῦ
408 2417 446 2453 F.
463 2418 530 2453 Gn.
547 2417 715 2452 Schmidt
789 2423 878 2454 1569
900 2420 1096 2466 χρησμοὺς]
1116 2421 1280 2464 θεσμοὺς
1293 2420 1330 2455 F.
1346 2420 1413 2455 Gu.
1430 2421 1598 2455 Schmidt

169 2474 258 2504 1570
284 2469 379 2506 οἷσιν
405 2470 536 2517 ἔζευξ’]
563 2471 739 2515 Scaliger,
766 2470 821 2512 οἷς
847 2471 1015 2514 ἐζεύξαθ’
1046 2473 1124 2507 LP
1208 2478 1297 2507 1572
1325 2475 1400 2514 κείς
1425 2475 1504 2508 LP

75 2527 163 2557 1574
185 2524 262 2569 τῆς]
282 2523 465 2569 Hartung,
484 2523 588 2569 τῆσδ’
613 2535 790 2569 superscr.
812 2524 847 2570 γ’
872 2526 917 2569 L,
937 2525 1041 2571 τῆσδ’
1067 2527 1102 2560 Ρ
1181 2530 1270 2560 1575
1291 2525 1349 2573 δ’]
1370 2528 1406 2561 L.
1431 2527 1595 2571 ninam-s,

73 2575 103 2610 τ’
129 2576 207 2610 LP
279 2580 367 2611 1577
390 2577 574 2621 ἐπώνυμοι
600 2583 664 2622 τῆς
690 2578 932 2622 τετραφυλίου
951 2579 1124 2623 Hartung
1199 2583 1289 2613 1578
1316 2582 1413 2614 λαῶν
1435 2581 1480 2623 L,
1506 2581 1596 2615 λαὸν

75 2630 117 2672 1),
143 2631 241 2663 λαῶν
266 2628 298 2663 τ’
328 2629 552 2664 Herwerden
575 2632 580 2676 Ι
603 2629 724 2665 νέουσ’
755 2632 791 2665 P
881 2636 970 2666 1579
1000 2630 1155 2678 Γελέων]
1183 2632 1327 2676 canter,
1354 2632 1483 2667 τελέων
1510 2633 1595 2668 LP.

73 2683 259 2716 Lacunam
291 2682 513 2727 significavit
548 2683 715 2717 Badham
843 2689 934 2719 1580
956 2683 1134 2729 ”Όπλητες
1158 2684 1336 2730 Ἀργαδῆς
1366 2684 1419 2731 τ’]
1452 2687 1596 2730 (tamer,

74 2734 93 2770 ὃ
124 2735 259 2775 πάντες
296 2735 457 2781 ἀργαλῆς
488 2738 567 2780 (scr.
602 2751 620 2770 ο
654 2748 762 2782 ¹mper
794 2751 817 2771 α
851 2738 875 2781 l)
914 2736 946 2771 τ’
984 2738 1062 2771 LP
1095 2740 1098 2782 Ι
1134 2737 1220 2782 ἐμῆς
1252 2737 1284 2771 τ’
1321 2738 1472 2781 Canter,
1511 2738 1598 2783 ἐμῆς

73 2787 108 2822 δ’
145 2788 351 2831 Kirchhoff,
392 2789 473 2823 fort.
514 2788 631 2833 ὄνομα
671 2788 705 2823 δ’
838 2794 928 2824 1583
967 2789 1150 2830 κυκλίέδος
1183 2791 1218 2824 P
1344 2795 1431 2826 1586
1460 2791 1598 2832 Ἀσίδος

74 2841 295 2876 Herwerden
395 2846 483 2876 1588
510 2840 626 2883 ἕξουσι
655 2843 734 2876 LP
828 2846 918 2877 1589
950 2842 1086 2889 γίνεται
1114 2844 1150 2877 P
1245 2848 1332 2878 1591
1362 2842 1418 2890 δ’]
1446 2844 1596 2889 Barnes,
