1929 3208
861 157 947 191 LQN
1610 156 1665 195 35

137 266 224 306 KP.
351 264 566 306 ὀτοτοτοῖ·
598 264 646 306 τὸ
681 262 721 306 δ’
759 263 865 318 ἐμὸν
899 265 1083 306 ἄτεκνον
1115 265 1298 307 ἄτεκνον
1330 266 1485 319 ἔλαβεν

352 336 436 389 ἄρα
468 336 636 388 βίοτον,
669 334 826 390 ἐρημίᾳ
859 332 900 376 δ’
938 335 1164 389 ὀρφανοὺς
1599 347 1665 378 790

350 407 514 460 δόμους
547 407 722 460 οἰκήσω.

139 481 227 520 ΠΡ.
348 479 413 526 τίς
445 473 527 518 οὖν
559 476 774 531 ἐχρήσθης
808 482 866 533 τῷ
901 473 1063 531 συνῆψ’
1100 481 1220 532 ἴχνος
1251 479 1388 527 ποδὸς

348 550 476 597 πόσις
505 549 732 601 ταλαίνης;
765 555 856 596 πῶς
888 545 936 588 δὲ
968 553 1054 589 ποῦ
1086 563 1160 589 νιν
1192 549 1388 598 εἰσιδών;

139 622 228 660 ΧΟ.
354 616 492 671 οἷσθ’,
526 616 559 660 ὦ
593 621 700 672 φίλη
735 617 959 671 δέσποινα,
990 619 1069 659 τὸν
1100 621 1283 660 νεανιάν

350 690 398 740 ὃς
428 687 549 732 τόνδ’
586 691 731 743 ἔσαιρε
764 689 891 744 ναόν;
925 685 1054 738 οὗτος
1086 687 1180 732 ἔσθ’
1220 689 1242 731 ὁ
1276 697 1388 739 παῖς.
1595 703 1663 733 795

139 762 226 803 KP.
350 759 421 802 ἀν’
455 760 595 815 ὑγρὸν
627 760 846 814 ἀμπταίην
879 758 1038 813 αἰθέρα
1070 762 1221 814 πρόσω
1254 762 1347 813 γαί-

351 849 401 881 ας
427 828 673 883 Ἑλλανίας,
707 830 889 884 ἀστέρας
921 829 1144 886 ἑσπέρους,

353 897 450 945 οἷον
483 898 580 945 οἷον
612 903 747 956 ἄλγος
778 903 949 944 ἔπαθον
983 901 1159 957 [φίλαι].

141 977 230 1016 ΠΡ.
351 975 491 1028 ὄνομα
524 971 572 1016 δὲ
603 981 734 1016 ποῖον
766 973 902 1015 αὐτὸν
935 973 1137 1028 ὀνομάζει
1169 976 1330 1029 πατήρ;
1599 990 1668 1017 δυο

351 1042 491 1099 οἷσθ’,
523 1045 550 1099 ἢ
583 1051 727 1100 σιωπῇ
761 1043 878 1086 τοῦτ’
915 1044 1164 1099 ἀκήρυκτον
1196 1045 1335 1100 μένει;

142 1119 229 1158 ΧΟ.
343 1114 481 1169 Ἴων’,
515 1115 690 1171 ἐπείπερ
721 1123 893 1171 πρῶτος
923 1116 1115 1170 ἤντησεν
1146 1119 1288 1171 πατρί.

350 1188 514 1242 μητρὸς
546 1186 586 1229 δ’
624 1187 778 1237 ὁποίας
810 1187 942 1241 ἐστίν,
977 1187 1057 1229 οὐκ
1089 1189 1171 1242 ἔχω
1205 1188 1383 1243 φράσαι.

351 1259 549 1313 φροῦδος
582 1256 641 1313 δ’,
673 1255 733 1300 ἵν’
769 1259 889 1313 εἰδῇς
921 1259 1063 1300 πάντα
1093 1256 1191 1301 τάπ’
1228 1259 1350 1314 ἐμοῦ,
1383 1259 1531 1314 γέρον,

352 1330 509 1379 παιδὸς
539 1330 784 1384 προθύσων
817 1328 936 1380 ξένια
969 1329 1040 1371 καὶ
1072 1330 1282 1384 γενέθλια
1599 1343 1668 1374 805

354 1401 517 1454 σκηνὰς
549 1400 592 1450 ἐς
624 1401 742 1455 ἱερὰς
773 1401 905 1454 τῆσδε
938 1403 1164 1456 λαθραίως
1195 1404 1335 1455 πόσις,

356 1472 512 1525 κοινὴν
545 1471 753 1521 ξυνάψων
787 1471 914 1512 δαῖτα
945 1470 1070 1513 παιδὶ
1101 1478 1161 1529 τῷ
1195 1472 1290 1530 νέῳ.

143 1545 233 1584 ΠΡ.
356 1541 583 1596 δέσποινα,
616 1542 975 1596 προδεδόμεσθα·
1010 1544 1094 1585 σὺν
1126 1543 1209 1598 γάρ
1243 1557 1314 1585 σοι
1344 1552 1481 1587 νοσῶ·

352 1619 432 1654 τοῦ
463 1619 547 1655 σοῦ
578 1613 688 1668 πρὸς
721 1613 883 1668 ἀνδρὸς
914 1612 986 1655 καὶ
1018 1615 1390 1670 μεμηχανημένως

351 1684 649 1739 ὑβριζόμεσθα
683 1685 898 1739 δωμάτων
929 1683 965 1725 τ’
999 1684 1241 1741 Ἐρεχθέως
1601 1699 1670 1729 810

356 1755 706 1810 ἐκβαλλόμεσθα·
739 1754 812 1797 καὶ
845 1757 925 1798 σὸν
957 1757 1011 1798 οὐ
1044 1765 1218 1811 στυγῶν
1249 1760 1380 1800 πόσιν

353 1826 480 1881 λέγω,
514 1825 561 1868 σε
593 1826 744 1881 μέντοι
777 1830 944 1882 μᾶλλον
976 1826 1002 1882 ἢ
1034 1836 1185 1871 κεῖνον
1218 1834 1378 1884 φιλῶν·

355 1899 474 1949 ὅστις
507 1911 554 1940 σε
586 1900 727 1954 γήμας
758 1897 881 1949 ξένος
913 1898 1184 1942 ἐπεισελθὼν
1209 1903 1341 1943 πόλιν

353 1967 424 2010 καὶ
458 1969 581 2024 δῶμα
613 1967 684 2010 καὶ
716 1969 800 2023 σὴν
831 1970 1101 2023 παραλαβὼν
1134 1974 1422 2025 παγκληρίαν,

354 2041 488 2094 ἄλλης
519 2040 727 2094 γυναικὸς
756 2040 917 2089 παῖδας
950 2039 1302 2096 ἐκκαρπούμενος
1601 2057 1670 2087 815

355 2110 502 2166 λάθρᾳ
534 2109 748 2164 πέφηνεν·
781 2111 840 2160 ὡς
872 2110 1018 2167 λάθρα
1052 2109 1111 2165 δ’,
1145 2111 1229 2166 ἐγὼ
1263 2114 1439 2168 φράσω·

238 2266 305 2297 789
338 2262 568 2297 ὄτοτοττοτοῐ
592 2263 644 2306 L,
677 2262 929 2298 ὀττοτοττοτοῖ
959 2264 1038 2308 {Pl
1062 2263 1219 2300 ἄτεκνον
1251 2268 1308 2299 ter
1335 2267 1394 2312 ΡΙ
1418 2266 1561 2314 ἔλαβεν]
1588 2268 1670 2303 fort.

144 2315 242 2362 ἔλαχ’
323 2320 388 2350 792
416 2318 544 2351 notam
564 2315 722 2350 Creusae
742 2316 858 2351 habet
877 2317 923 2360 L,
950 2329 1019 2352 om.
1042 2318 1086 2361 P,
1113 2328 1202 2353 corr.
1225 2318 1367 2354 Seidler
1441 2324 1506 2355 793
1533 2320 1573 2355 δὲ
1600 2328 1671 2356 ποῦ

145 2383 206 2404 νιν
227 2370 406 2415 εἰσιδώνς]
428 2368 606 2414 Scaliger,
633 2367 675 2403 δέ
693 2382 766 2404 που
787 2384 847 2405 νιν
867 2368 990 2404 εἰσίδω
1010 2371 1096 2405 LP.
1136 2371 1233 2406 Fort.
1255 2371 1430 2417 ταλαίνης
1449 2372 1557 2407 παιδί
1565 2391 1573 2417 3
1600 2380 1672 2408 ποῦ

144 2436 204 2457 νιν
224 2423 389 2466 εἰσιδών;
465 2425 530 2456 796
552 2421 742 2467 ἀμπταίην
762 2423 984 2467 Wakefield,
1011 2422 1058 2458 ἂν
1077 2422 1215 2469 πταίην
1235 2426 1314 2460 LP
1333 2427 1338 2471 Ι
1360 2425 1483 2470 πόρσω
1505 2426 1672 2471 Dindorf⁷

143 2476 205 2510 καὶ
231 2474 354 2519 πρόσω
379 2475 578 2510 Hermann.
629 2475 727 2510 Fort.
755 2476 819 2511 καὶ
844 2475 968 2520 πρόσω
992 2477 996 2523 Ι
1020 2482 1087 2522 γᾶς
1206 2482 1270 2512 797
1300 2478 1490 2525 ἑσπέρους]
1518 2479 1671 2524 Seidler,

144 2527 334 2572 ἑσπερίους
359 2529 438 2563 LP
556 2532 622 2562 799
650 2527 757 2572 φίλαι
789 2540 935 2564 erasum
968 2529 1006 2564 in
1032 2531 1084 2574 L,
1117 2542 1187 2566 om.
1216 2532 1259 2575 P,
1293 2532 1377 2567 add.
1404 2544 1428 2576 2)
1450 2535 1454 2576 Ι
1478 2530 1558 2567 οἷον
1584 2533 1673 2578 ἄχος

144 2581 290 2616 ἔπαθον
316 2581 462 2626 (ceteris
488 2581 636 2626 delet-is)
657 2580 720 2616 Ge.
743 2582 893 2616 Sehmid
970 2586 1036 2617 801
1065 2583 1290 2631 ἀκήρυκτον]
1312 2585 1454 2629 Nauck,
1482 2586 1673 2630 ἀκύρωτον

145 2653 224 2687 LP
317 2655 384 2686 802
412 2651 566 2697 ἤντησεν
595 2652 658 2696 Pl,
684 2651 814 2697 ἤντησε
840 2654 874 2688 L
972 2658 1039 2689 803
1066 2644 1114 2698 πῗ)
1144 2655 1279 2699 μητρὸς
1304 2654 1339 2689 δ’
1371 2655 1503 2696 ὁποίας
1529 2657 1627 2692 ἐστὶν
1653 2649 1672 2703 Ξ

145 2713 180 2768 (fi
208 2721 356 2767 scripsit
373 2734 402 2767 p
426 2722 465 2756 in
495 2722 616 2767 spatio
642 2722 786 2767 relicto)
814 2724 880 2758 οὐκ
907 2724 974 2770 ἔχω
1002 2725 1141 2769 φράσαι
1162 2727 1248 2770 LP,
1276 2737 1366 2760 corr.
1387 2727 1583 2762 Kirchhoff

145 2780 213 2811 805
240 2776 341 2810 delet
367 2775 430 2810 Ge.
459 2775 609 2810 Schmid
683 2779 750 2810 807
777 2777 924 2825 κοινὴν]
951 2778 1153 2823 Kirchhoff,
1181 2784 1287 2824 κοινῇ
1314 2780 1393 2813 LI’
1413 2784 1417 2823 Ι
1440 2782 1566 2827 δαῖτα]
1593 2782 1671 2816 cod.

145 2846 315 2882 Riceard.
336 2850 392 2890 32,
413 2847 532 2880 παῖδα
552 2847 631 2881 LP
705 2850 773 2881 808
793 2850 921 2882 notam
939 2860 1008 2884 om.
1024 2850 1111 2892 LP,
1130 2860 1288 2894 praescr.
1310 2839 1358 2893 πῖι
1382 2851 1404 2894 ἶ,
1423 2852 1630 2897 θε(ράπων“)
1645 2866 1674 2897 p

243 2903 310 2934 813
338 2897 443 2941 ξένος
467 2899 702 2944 postmodum
729 2899 767 2933 in
795 2903 889 2945 spat.
918 2914 1032 2936 vacuo
1059 2903 1230 2936 additum
1255 2903 1292 2936 in
1319 2904 1353 2938 L
