1929 3208
291 207 312 245 -1
920 210 1189 243 ΕΎῚῚΙΙῙΔΟΤ

464 313 786 369 Ἀμᾳιέμνονος
818 313 1063 372 ποινάτορ’,
1097 314 1213 372 εἶχεν
1245 317 1293 359 ἐν
1327 319 1479 373 δόμοις

473 391 688 439 ,’1ι”’γισθος
720 385 817 428 οὐδ’
848 388 1005 442 ἥρμοζε
1039 390 1218 445 νυμφίῳ
1251 391 1348 430 τινί.

471 455 559 498 ἐπεὶ
596 456 642 498 δὲ
676 457 747 499 καὶ
781 456 898 500 τοῦτ’
935 456 991 512 ἦν
1023 461 1170 514 φόβου
1203 463 1371 502 πολλοῦ
1404 459 1562 511 πλέων,
1774 474 1817 502 25

467 530 524 581 μή
558 544 616 584 τῳ
652 532 878 583 λαθραίως
910 529 1039 572 τέκνα
1072 533 1261 587 γενναίῳ
1294 530 1426 582 τέκοι,

469 607 645 640 κτανεῖν
678 598 754 653 σφ’
786 598 1000 653 ἐβούλευ’·
1034 597 1145 642 οὖσα
1178 600 1217 642 δ’
1251 602 1471 657 ὠμόφρων
1504 603 1620 656 ὅμως

468 672 609 724 μήτηρ
642 687 714 712 νιν
748 670 960 721 ἐξέσωσεν
987 673 1214 726 Αἰγίσθου
1246 675 1384 727 χερός.

467 740 509 790 ἐς
541 740 621 795 μὲν
653 743 735 795 γὰρ
769 743 911 797 ἄνδρα
945 749 1108 797 σκῆψιν
1143 739 1220 798 εἶχ’
1259 743 1469 793 ὀλωλότα,

466 814 638 854 παίδων
672 809 711 854 δ’
749 814 888 855 ἔδεισε
921 814 978 868 μὴ
1012 816 1270 869 φθονηθείη
1303 817 1440 871 φόνῳ.
1775 829 1819 856 3ο

467 883 514 925 ἐκ
546 885 686 926 τῶνδε
720 885 774 938 δὴ
807 883 974 927 τοιόνδ’
1010 885 1313 940 ἐμηχανήσατο

470 960 707 1009 Αἴγισθος·
741 955 789 1005 ὃς
820 953 901 1010 μὲν
933 963 1011 1011 γῆς
1043 956 1305 1012 ἀπηλλάχθη
1338 958 1484 1012 φυγὰς

461 1025 786 1081 Ἀγαμέμνονος
817 1035 932 1077 παῖς,
965 1029 1132 1083 χρυσὸν
1164 1024 1250 1082 εἶφ’
1287 1028 1334 1078 ὃς
1367 1028 1421 1069 ἂν
1454 1029 1605 1084 κτάνῃ,

465 1097 571 1152 ἡμῖν
605 1095 653 1139 δὲ
687 1099 740 1151 δὴ
775 1099 962 1140 δίδωσιν
984 1097 1224 1152 Ἠλέκτραν
1256 1101 1372 1154 ἔχειν

467 1169 680 1224 δάμαρτα,
715 1168 916 1223 πατέρων
948 1167 1029 1223 μὲν
1059 1172 1340 1224 Μυκηναίων
1373 1171 1457 1212 ἄπο
1775 1183 1818 1212 35

467 1247 674 1293 γεγῶσιν·
708 1240 761 1281 οὐ
795 1241 848 1294 δὴ
881 1242 1012 1282 τοῦτό
1046 1239 1084 1292 γ’
1117 1240 1413 1295 ἐξελέγχομαι·

467 1309 658 1366 λαμπροὶ
691 1312 775 1365 γὰρ
809 1310 853 1360 ἐς
884 1310 1013 1364 γένος
1044 1327 1108 1365 γε,
1140 1313 1375 1366 χρημάτων
1406 1329 1455 1367 γε
1488 1314 1576 1367 μὴν

465 1381 660 1436 πένητες,
694 1383 828 1423 ἔνθεν
861 1381 1050 1436 ηὑγένει’
1082 1382 1341 1424 ἀπόλλυται·

469 1453 527 1502 ὡς
559 1453 745 1495 ἀσθενεῖ
775 1454 882 1502 δοὺς
914 1453 1084 1507 ἀσθενῆ
1117 1454 1246 1507 λάβοι
1278 1457 1434 1508 φόβον.

469 1525 529 1576 [εἰ
557 1525 641 1578 γάρ
674 1541 747 1566 νιν
780 1526 906 1578 ἔσχεν
939 1521 1092 1579 ἀξίωμ’
1128 1526 1241 1579 ἔχων
1273 1525 1400 1581 ἀνήρ,
1772 1537 1818 1568 40

468 1594 641 1637 εὕδοντ’
679 1594 734 1637 ἂν
766 1594 958 1650 ἐξήγειρε
990 1596 1069 1637 τὸν
1096 1594 1422 1651 Ἀγαμέμνονος
1765 1592 1768 1596 ’

467 1668 611 1721 φόνον
644 1668 743 1720 δίκη
775 1665 812 1708 τ’
850 1665 905 1707 ἂν
936 1663 1078 1720 ἦλθεν
1110 1669 1315 1724 Αἰγίσθῳ
1347 1669 1474 1721 τότε]

469 1737 525 1791 ἣν
559 1735 720 1780 οὔποθ’
757 1737 869 1792 ἁνὴρ
903 1738 992 1792 ὅδε,
1026 1737 1212 1780 σύνοιδέ
1240 1754 1315 1793 μοι
1347 1740 1534 1794 Κύπρις,

465 1808 660 1864 ᾔσχυνεν
694 1808 816 1864 εὐνῇ·
850 1808 1074 1863 παρθένος
1107 1807 1146 1850 δ’
1185 1808 1245 1851 ἔτ’
1281 1808 1372 1851 ἐστὶ
1406 1811 1472 1864 δή.

464 1880 729 1934 αἰσχύνομαι
761 1880 844 1933 γὰρ
878 1879 1042 1934 ὀλβίων
1075 1879 1253 1934 ἀνδρῶν
1285 1879 1415 1922 τέκνα
1771 1892 1817 1922 45

465 1951 615 2004 λαβὼν
646 1951 855 2005 ὑβρίζειν,
889 1951 943 1993 οὐ
974 1951 1177 2002 κατάξιος
1207 1953 1360 2005 γεγώς.

466 2021 604 2064 στένω
638 2020 686 2063 δὲ
716 2023 795 2064 τὸν
827 2023 998 2076 λόγοισι
1029 2021 1259 2076 κηδεύοντ’
1294 2021 1390 2077 ἐμοὶ

465 2094 628 2135 ἄθλιον
657 2092 876 2148 Ὀρέστην,
909 2097 952 2135 εἴ
977 2090 1074 2135 ποτ’
1110 2095 1172 2143 εἰς
1192 2092 1353 2149 ’Ἀργος
1384 2094 1534 2148 μολὼν

465 2165 634 2218 γάμους
665 2164 860 2219 ἀδελφῆς
892 2165 1123 2219 δυστυχεῖς
1155 2165 1370 2216 ἐσόψεται.

466 2235 584 2285 ὅστις
617 2234 670 2277 δέ
697 2233 741 2290 μ’
778 2232 896 2277 εἶναι’
923 2247 1033 2289 φησι
1065 2243 1230 2291 μῶρον,
1262 2237 1304 2278 εἰ
1333 2237 1482 2290 λαβὼν
1775 2248 1818 2278 50

384 2373 427 2403 23
454 2368 669 2415 ποινάτορ’]
695 2370 851 2414 Pol-son,
878 2369 1106 2413 ποινάτορας
1131 2371 1208 2405 LG
1237 2372 1241 2415 1
1274 2367 1394 2415 εἶργεν
1420 2370 1554 2404 Nauck
1681 2374 1723 2404 27
1751 2369 1814 2414 σφ’

289 2421 473 2469 ἐβούλευ’·
507 2421 598 2458 οὖσα
626 2422 660 2457 δ’
693 2421 893 2469 ὠμόφρων]
929 2423 1059 2468 scripsi
1091 2422 1172 2468 (σφ’
1206 2420 1412 2469 ἐβούλευσ’·
1450 2421 1542 2458 οὖσα
1569 2421 1604 2458 δ’
1635 2422 1819 2468 ὠμόφρων

288 2476 363 2510 iam
397 2476 580 2520 undam),
617 2475 681 2521 σφ’
718 2475 994 2522 ἐβουλεύσαντ’·
1032 2478 1136 2521 (post
1161 2491 1180 2511 τ
1206 2488 1351 2512 erasum
1379 2490 1397 2511 ο
1424 2479 1463 2511 et
1489 2488 1646 2521 sequens
1673 2491 1700 2511 ω
1727 2488 1771 2512 ex
1797 2478 1820 2511 ἃ

289 2530 430 2564 factum
455 2529 494 2563 in
520 2530 568 2574 L)
595 2528 779 2574 ὠμόφρων
805 2528 841 2564 δ’
871 2530 960 2573 LG,
988 2542 1056 2574 σφε
1082 2531 1349 2576 βουλεύσαντος
1375 2529 1559 2575 ὠμόφρων
1585 2530 1728 2565 Seidler

290 2587 333 2617 28
367 2583 451 2617 fort.
486 2581 665 2630 ἐξέσῳζεν.
788 2587 833 2617 30
865 2582 1084 2628 φθονηθείη
1117 2584 1211 2627 LG,
1251 2583 1289 2617 in
1321 2595 1436 2629 marg.
1471 2582 1658 2629 μεμφθείη
1691 2584 1724 2618 L

289 2640 334 2670 32
361 2636 497 2682 φυγὰς]
522 2635 722 2679 Victorius,
749 2636 867 2680 φύλαξ
895 2638 972 2671 LG
1058 2640 1100 2670 33
1123 2634 1219 2682 εἶφ’]
1240 2637 1391 2680 Barnes,
1418 2634 1520 2671 εἶπεν
1540 2637 1621 2671 LG
1707 2640 1752 2671 34
1773 2636 1818 2681 δὴ

288 2691 377 2723 mut.
405 2689 443 2723 in
471 2688 510 2724 δὲ
537 2690 583 2734 δὴ
610 2690 656 2733 L,
683 2688 723 2723 δὲ
751 2689 796 2734 δὴ
826 2690 859 2724 G
951 2694 994 2724 36
1023 2687 1251 2734 ἐξελέγξομαι
1277 2689 1403 2724 Naber
1489 2693 1531 2723 37
1558 2702 1598 2735 γε
1624 2689 1696 2734 μὴν
1717 2690 1816 2724 Stob.

288 2742 323 2776 fl.
352 2746 413 2787 97,
442 2747 479 2786 5,
507 2742 547 2776 δὲ
574 2742 619 2787 δὴ
646 2743 726 2777 LG
822 2746 980 2777 40—42
1009 2743 1146 2777 delevit
1176 2743 1372 2777 Kirehhoff
1475 2748 1520 2777 40
1556 2743 1588 2777 εἰ
1612 2744 1685 2788 Ly,
1713 2742 1756 2776 οὐ
1786 2743 1819 2776 (1'

383 2800 429 2829 42
455 2794 537 2830 τότε
557 2797 591 2831 L
618 2798 655 2830 et
681 2807 725 2830 ex
751 2808 839 2830 ποτε
866 2796 1005 2830 factum
1029 2796 1062 2831 G
1135 2801 1180 2830 43
1207 2794 1347 2830 οὔποθ’
1372 2796 1483 2841 ἀνὴρ]
1506 2795 1659 2839 Seidler,
1686 2794 1814 2829 οὔποτ’

290 2849 384 2893 ἀνὴρ
411 2849 488 2883 LG
511 2851 515 2894 1
540 2849 659 2884 Schol.
681 2851 870 2889 δεικτικῶς
895 2850 977 2884 ἀντὶ
1003 2855 1068 2884 τοῦ
1089 2849 1158 2894 ἐγώ
1185 2850 1218 2884 L
1242 2850 1245 2884 Ι
1269 2853 1312 2883 43
1323 2861 1374 2893 sq.
1402 2846 1445 2891 ’ἧς
1467 2879 1471 2883 .
1496 2878 1502 2883 .
1530 2846 1686 2895 ᾔσχυνεν
1707 2847 1818 2891 εὐνήν

290 2902 442 2937 ΚνίὲειῙει
551 2908 596 2937 44
622 2903 660 2936 in
687 2914 802 2947 marg.
831 2917 883 2947 γρ.
913 2902 1043 2947 ἤσχυν’
1075 2902 1114 2937 ἐν
1140 2903 1228 2947 ε’ὐνῆ
1255 2903 1288 2937 L
1399 2907 1443 2936 45
1470 2902 1707 2947 αἰσχύνομαι]
1734 2902 1817 2936 fort.

290 2954 494 2999 ἀναίνομαι
592 2960 635 2990 47
664 2955 792 3001 στένω]
819 2954 911 3002 σέβω
938 2956 974 2990 1³.
1004 2956 1070 2989 Gru.
1100 2955 1267 2989 Schmidt
