1929 3208
850 139 936 172 ΙΩΝ
1602 140 1657 179 35)

346 247 419 288 ’ἴνα
450 262 502 301 με
535 245 677 301 λέχεσι
709 245 868 301 μελέαν
899 245 1070 302 μελέοις
1587 259 1654 289 9οο

341 317 495 368 ἐζεύξω
526 319 607 360 τὰν
639 319 872 360 δύστανον.

341 392 459 443 οῖ’μοι
491 401 583 444 μοι·
614 387 685 430 καὶ
718 395 802 431 νῦν
834 391 953 443 ἔρρει

340 466 521 509 πτανοῖς
552 458 797 514 ἁρπασθεὶς
826 462 963 502 θοίνα
1022 463 1025 468 “

340 537 440 580 παῖς
472 547 545 585 μοι
578 529 649 572 καὶ
683 531 758 580 σὸς
789 531 984 585 τλάμων·

340 603 396 643 σὺ
430 600 477 644 δὲ
509 601 673 657 κιθάρᾳ
705 601 872 652 κλάζεις
1585 614 1654 645 905

338 679 527 722 παιᾶνας
558 671 744 727 μέλπων.

339 743 419 798 ὠή,
450 743 529 785 τὸν
560 745 735 792 Λατοῦς
767 742 904 796 αὐδῶ,

340 812 432 856 ὅστ’
468 813 615 868 ὀμφὰν
646 815 825 867 κληροῖς

337 886 445 940 πρὸς
476 883 690 940 χρυσέους
721 884 892 934 θάκους
922 883 995 926 καὶ

337 958 462 1010 γαίας
493 957 724 1011 μεσσήρεις
755 955 900 1009 ἕδρας,
1585 970 1653 999 910

339 1028 402 1077 εἰς
434 1023 511 1077 οὖς
543 1027 685 1069 αὐδὰν
717 1027 906 1082 καρύξω·

339 1098 390 1139 ἰὼ
422 1099 552 1148 κακὸς
588 1097 799 1151 εὐνάτωρ,

335 1169 382 1219 ὃς
413 1175 472 1226 τῷ
506 1166 586 1224 μὲν
618 1169 705 1226 ἐμῷ
739 1170 970 1225 νυμφεύτᾳ

331 1240 458 1296 χάριν
492 1240 546 1282 οὐ
577 1241 815 1296 προλαβὼν

333 1309 451 1353 παῖδ’
489 1312 552 1361 εἰς
584 1315 732 1361 οἴκους
765 1312 956 1362 οἰκίζεις·
1583 1325 1650 1355 915

334 1382 356 1424 ὁ
390 1379 432 1424 δ’
469 1382 570 1437 ἐμὸς
602 1381 779 1436 γενέτας
810 1381 881 1424 καὶ
914 1384 990 1432 σὸς
1021 1382 1197 1437 ἀμαθὴς

333 1455 509 1504 οἰωνοῖς
540 1455 657 1509 ε”ρρει
689 1455 916 1507 συλαθείς,

336 1525 566 1579 σπάργανα
597 1523 782 1579 ματέρος
814 1523 1057 1575 ἐξαλλάξας.

333 1603 453 1650 μισεῖ
481 1594 519 1637 σ’
558 1595 585 1637 ἁ
617 1599 766 1645 Δᾶλος
797 1593 869 1637 καὶ
903 1595 1075 1651 δάφνας

332 1668 462 1721 ἔρνεα
494 1668 675 1721 φοίνικα
706 1664 808 1721 παρ’
845 1666 1114 1721 ἁβροκόμαν,
1580 1681 1649 1711 920

330 1739 441 1779 ἔνθα
474 1738 719 1793 λοχεύματα
751 1734 871 1792 σέμν’
910 1737 1171 1793 ἐλοχεύσατο

332 1810 461 1851 Λατὼ
495 1811 652 1851 Δίοισί
680 1821 727 1851 σε
760 1816 954 1863 καρποῖς.

122 1883 207 1922 ΧΟ.
333 1885 466 1935 οἴμοι,
497 1879 630 1935 μέγας
661 1882 890 1936 θησαυρὸς
922 1881 980 1930 ὡς
1012 1881 1272 1935 ἀνοίγνυται

330 1958 489 2003 κακῶν,
523 1949 588 2005 ἐφ’
630 1946 718 1992 οἷσι
749 1957 832 2001 πᾶς
863 1950 917 1993 ἂν
949 1950 1125 2006 ἐκβάλοι
1158 1952 1309 2005 δάκρυ.

118 2024 209 2063 ΠΡ.
331 2019 364 2064 ὦ
396 2023 606 2076 θύγατερ,
640 2026 788 2064 οἴκτου
822 2023 902 2064 σὸν
934 2021 1109 2077 βλέπων
1141 2022 1441 2078 ἐμπίμπλαμαι
1578 2036 1645 2067 925

330 2095 582 2148 πρόσωπον,
615 2093 693 2144 ἔξω
729 2091 767 2134 δ’
807 2093 1020 2148 ἐγενόμην
1052 2094 1229 2149 γνώμης
1261 2094 1374 2148 ἐμῆς.

212 2302 280 2333 900
318 2297 450 2343 μελέαν
487 2297 626 2344 μελέοις
657 2300 708 2343 L,
747 2298 878 2344 μελέαν
916 2298 1047 2344 μελέαν
1074 2301 1116 2334 Ρ.
1168 2299 1250 2334 fort.
1286 2299 1348 2335 ἵνα
1381 2299 1496 2346 λέχεσι
1529 2300 1644 2347 λέχεσι,

117 2350 256 2396 μελέοις
346 2356 414 2387 904
440 2354 502 2387 καὶ
529 2353 591 2393 σὸς
617 2352 717 2387 delet
743 2353 911 2387 Badham
1004 2357 1071 2387 906
1098 2352 1240 2394 πεάνας
1266 2354 1310 2397 P,
1337 2359 1501 2394 παιᾶνας
1524 2367 1550 2399 J)

117 2409 184 2439 908
212 2403 307 2451 ὅστ’]
327 2406 562 2450 Herwerden‚
591 2404 630 2446 ὃς
649 2407 737 2450 LP,
763 2404 803 2447 ὅς
829 2405 862 2452 γ’
889 2407 900 2440 l
983 2410 1050 2441 909
1077 2407 1169 2450 πρὸς
1195 2405 1363 2452 χρυσέοις
1387 2406 1524 2447 θάκοις
1550 2407 1644 2442 κατὰ

117 2457 265 2501 Reiske‚
284 2458 367 2493 fort.
388 2460 479 2503 πρὸς
499 2458 664 2504 χρυσέοις
681 2458 819 2500 θάκοις
855 2459 949 2494 κατὰ
970 2465 1037 2505 γᾶς
1057 2474 1090 2505 μ.
1108 2459 1218 2504 ἕδρας
1291 2464 1359 2494 910
1374 2460 1541 2504 μεσήρεις
1555 2462 1643 2505 LP,

117 2509 303 2554 μεσσήρεις
322 2512 334 2546 l
415 2516 480 2547 911
510 2510 573 2553 οὖς
592 2514 668 2557 Lp,
695 2511 760 2553 οὓς
780 2513 815 2547 Ρ
834 2513 838 2558 Ι
861 2513 944 2548 fort.
965 2513 1134 2557 καρύσσω
1218 2518 1285 2548 912
1307 2514 1349 2548 ἰὼ
1370 2514 1412 2548 ἰὼ
1432 2514 1548 2558 Paley

117 2568 184 2598 913
211 2565 417 2612 νυμφεύτᾳ]
444 2565 542 2600 Riec.
572 2570 627 2608 3⁶2,
654 2564 822 2614 νυμφέτᾳ
848 2567 927 2601 LP
1028 2571 1095 2602 915
1123 2566 1159 2607 ἐς
1184 2568 1272 2611 LP,
1299 2567 1350 2606 εἰς
1377 2568 1388 2600 Z
1488 2571 1555 2601 916
1583 2568 1644 2608 σὸς

116 2618 203 2660 LP,
230 2615 292 2656 σός
317 2616 351 2662 γ’
377 2619 388 2652 l
409 2620 414 2662 Ι
437 2617 455 2652 ὁ
483 2617 518 2653 δ’
544 2617 633 2662 ἐμᾶς
658 2624 786 2663 γενεᾶς
810 2620 873 2654 καὶ
894 2625 960 2660 σᾶς
979 2619 1133 2656 Κνίὄῆἶα
1212 2624 1278 2655 917
1301 2620 1419 2654 οἰκεῖα
1440 2620 1539 2663 quod
1559 2623 1643 2665 post

117 2671 292 2710 συλαθεὶς
311 2670 451 2705 habent
470 2672 550 2706 LP
568 2671 706 2706 delevit
724 2671 912 2707 Hermann
992 2677 1059 2708 919
1081 2679 1182 2718 μισοῖ
1196 2673 1319 2707 Heath
1399 2678 1467 2708 920
1488 2672 1642 2717 φοίνικα

116 2723 215 2758 Ricc.
244 2727 300 2767 32,
327 2722 457 2768 φοίνια
483 2725 585 2769 LPl
608 2723 823 2770 ἁβροκόμαν
850 2727 885 2760 Ρ
989 2730 1055 2760 922
1083 2726 1153 2761 Cfr.
1175 2726 1260 2761 Hes.
1287 2732 1460 2769 καρποῖς·
1488 2727 1641 2772 βλαστή-

117 2788 228 2821 μασιν
251 2778 254 2821 Ι
277 2776 360 2811 ϊοῑτ.
388 2778 494 2812 Λατὼ
522 2776 628 2818 Δίοις
653 2776 702 2812 ἰσί
729 2789 767 2812 σε
793 2778 947 2822 καρπόν.
996 2780 1066 2815 Cfr,
1088 2780 1175 2814 Hec.
1198 2784 1264 2813 215
1358 2784 1424 2814 923
1452 2779 1641 2826 ἀνοίγεται

117 2829 248 2864 Nauck
369 2834 436 2864 925
470 2826 497 2865 ὦ
530 2842 600 2866 0111.
627 2832 715 2875 LP,
748 2831 895 2866 addidit
924 2832 1132 2867 rubricator
1163 2832 1200 2867 in
1228 2833 1264 2867 P
1289 2835 1293 2877 Ι
1323 2832 1463 2880 οἴκτου]
1497 2833 1639 2876 Nauck,

118 2882 218 2917 οὔτοι
244 2884 322 2918 LP
342 2883 346 2929 1
370 2882 640 2931 ἐμπίμπλαμαι]
665 2884 816 2930 Barnes,
842 2884 1069 2930 ἐμπίπλαμαι
1096 2886 1175 2921 LP
