1929 3208
249 151 270 191 ’ἶ
277 151 302 189 ,Q
896 149 920 182 Λ
928 147 1136 183 ΡΡΕΝΠῘΧ

342 261 410 289 833
438 269 489 299 sq.
519 255 619 289 ‹lolot
647 254 816 289 lacunam
846 255 1014 288 filamont-e
1041 253 1213 298 Schenkl,
1241 253 1328 289 nicil.
1353 253 1431 289 sino
1459 254 1593 290 lacuna,
1615 254 1776 290 Mancini

343 313 409 343 ⁸:³4
439 306 622 352 προδότης
647 306 694 342 ἂν
722 307 814 352 εἰήν,
840 308 883 342 σὺ
910 305 949 341 δὲ·
977 305 1064 353 βίαν
1091 305 1251 351 σκήψασ“
1284 306 1379 353 ἔχοις
1398 307 1585 343 llcrmnnn
1608 309 1612 355 Ι
1636 313 1778 354 σκῆψαι

247 361 279 397 δ’
314 362 409 407 ἔχοις
439 362 608 405 llurlung
724 365 791 393 835
820 359 932 404 ὅρκον
959 365 1075 404 κρᾶτα
1103 360 1167 395 σὺν
1197 360 1349 406 llrumpcl
1461 364 1528 395 837
1556 364 1605 408 τῷ
1632 365 1682 408 σῷ
1708 361 1776 405 (vel

249 416 375 461 τούτοή
403 414 498 457 ξίφει
533 413 805 449 nanclmnstvin

341 478 505 509 &mn-M)
532 473 632 509 dolet.
659 473 799 517 (logucl
901 476 967 507 847
995 473 1044 513 ὡς
1069 471 1196 518 ἔπρησ’
1223 471 1380 519 ’Λχιλλέα
1407 473 1532 508 Nabcr
1628 477 1696 509 848
1722 471 1778 520 δ’]

247 526 276 562 τ’
305 527 462 572 lwnling
578 531 646 561 849
673 527 737 561 τὸν
768 524 952 570 Νέστορος
980 526 1148 561 Bronlcan
1173 526 1177 572 Ι
1201 525 1313 561 ctiam
1340 526 1404 562 τὸν
1433 525 1544 562 Οίλέα
1570 525 1603 562 τ’
1634 526 1779 562 ἄπαιδα

249 580 406 624 lwnling

342 639 408 668 854
441 632 503 677 ὑφ’
541 632 630 678 ἕρμα
659 633 868 678 stephanus
992 637 1059 667 855
1075 645 1126 677 sq.
1162 631 1337 678 γενέσθαι
1365 661 1371 668 .
1401 663 1405 668 .
1434 638 1656 679 μεταστῆναι
1688 632 1779 668 Her-

248 688 393 721 womlon
515 691 583 721 859
611 693 741 721 κτυπεῖ
766 685 802 721 δ’
835 684 921 726 ὁδός
949 685 1216 730 Wilamowitz,
1249 686 1389 721 κτύπον
1415 686 1535 726 κλύεις
1560 686 1616 721 vel
1650 691 1782 721 κτυπεῖ

246 742 347 784 θύρα
374 740 443 785 μοὶ
473 741 580 785 πύλη)
609 739 844 783 llcrwcrden,
871 745 1001 774 κτυπεῖ
1026 737 1130 780 σανίς
1157 739 1423 775 Stadtmueller

342 803 407 833 861
433 797 615 845 βλέπουσα
638 798 706 844 γὰρ
728 799 789 833 καὶ,
813 798 860 843 μὴ
881 796 1053 844 βλέπουσ’
1077 796 1286 844 ἀφιγμένον
1307 798 1438 832 Nauck
1524 802 1590 833 863
1603 810 1655 843 sq.
1679 797 1780 833 deleb

250 851 410 886 Mum-ini
498 856 566 885 8135
593 853 636 887 σὺ
663 851 728 896 μὲν
752 851 912 895 bllmsley
1003 855 1070 886 866
1096 854 1205 886 θεῖον
1232 849 1340 897 σέβου
1367 850 1406 886 δὲ
1432 851 1575 897 θεσμὸν
1597 880 1602 886 .
1626 880 1631 886 .
1654 857 1779 897 μυχῶν

247 906 429 949 Scaliger,
461 904 571 940 θείου
604 904 644 940 δὲ
677 903 931 950 σεμνόθεσμον
960 933 965 939 .
995 933 1001 939 .
1030 903 1146 950 μυχόν
1172 904 1323 949 Pssugk,
1355 907 1465 940 θεῖον
1501 903 1541 939 δὲ
1574 902 1708 949 σέμνου
1735 933 1741 940 .
1771 931 1777 938 .

247 958 363 1004 μυχόν
390 959 518 1002 Bothe,
546 962 656 994 θεῖον
683 957 836 1005 σεβίζειν
861 958 1002 1002 θεσμὸν
1031 986 1037 992 .
1067 987 1072 993 .
1101 964 1225 1003 μυχῶν
1251 958 1417 1003 Camper,
1442 960 1552 993 θεῖον
1577 956 1619 992 δὲ
1646 962 1779 1002 σεμνοῦ

250 1011 318 1052 θὲς
344 1012 435 1055 πρὸς
461 1010 615 1055 αἰθέρος
640 1010 757 1057 μυχόν
778 1012 961 1055 Hartung,
987 1009 1097 1046 θείου
1118 1010 1158 1045 δὲ
1184 1014 1310 1058 θεσμῷ
1336 1011 1470 1056 σεμνὸν
1491 1009 1644 1055 αἰθέρος
1663 1008 1779 1056 μκυχόν

251 1065 538 1109 Rauehonstein,
564 1063 674 1099 θείου
702 1064 742 1099 δὲ·
769 1070 902 1109 σεμνοῦ
928 1067 1053 1099 θᾶκον
1079 1062 1244 1108 αἰθέρος,
1270 1071 1394 1109 μυχῶν
1420 1063 1620 1109 Kirchhoff,
1646 1066 1779 1098 θειοῦν

248 1118 288 1154 δὲ
321 1124 454 1163 σεμνοῦ
486 1118 624 1162 θεσμὸς
657 1116 811 1162 αἰθέρος
842 1115 958 1163 μυχόν
991 1117 1080 1152 olim
1106 1117 1255 1160 Nauck,
1291 1115 1401 1152 θείου
1433 1116 1474 1152 δὲ
1508 1117 1642 1161 σεμνὸν
1671 1113 1779 1161 οἷμον

248 1171 413 1216 αἰθέρος,
440 1177 567 1217 μυχοῖς
587 1171 674 1205 olim
696 1170 931 1213 Herwerden,
957 1169 1050 1217 θείῳ
1077 1169 1116 1205 δὲ
1144 1170 1276 1215 σεμνὸν
1302 1169 1370 1210 θὲς
1394 1170 1459 1205 τὸν
1479 1168 1635 1214 αἰθέρος
1659 1168 1778 1215 μυχόν

248 1226 291 1261 ΙΙ.
314 1227 408 1261 Cron
432 1227 436 1269 Ι
458 1225 616 1270 θεσμὸν]
642 1227 787 1259 θᾶσσον
808 1223 980 1268 Schenkl,
1006 1223 1150 1268 θερμὸν
1176 1223 1234 1258 vcl
1261 1223 1421 1266 θολερὸν
1442 1223 1620 1268 Badham,
1646 1224 1779 1258 θύεσιν

249 1279 285 1313 F.
309 1278 376 1312 Gn.
399 1276 577 1311 Schmidt.
624 1275 779 1310 Versum
806 1276 908 1311 delet
927 1276 984 1310 W.
1009 1276 1049 1310 G.
1072 1275 1182 1310 Clark
1280 1279 1347 1311 807
1375 1275 1423 1315 ὡς
1447 1281 1593 1321 πνεῦμα
1619 1275 1778 1321 θολερὸν

249 1332 411 1375 οὐρανοῦ
438 1329 652 1374 ἁλεξώμεθα
679 1329 795 1364 001)οῦ

344 1394 412 1425 870
439 1389 576 1434 πεύκης
604 1418 609 1424 .
639 1419 644 1424 .
673 1389 807 1429 στύπος
833 1389 870 1424 F.
898 1388 965 1423 Gn.
994 1387 1162 1423 Schmidt
1282 1392 1347 1423 871
1376 1386 1492 1433 νόμον
1517 1387 1558 1423 δὲ
1583 1389 1648 1425 τὸν
1674 1388 1777 1436 ἐμὸν]

252 1442 364 1488 νόμον
404 1441 439 1477 δ’
477 1441 658 1486 ἑπόμενον
691 1442 730 1477 Ο.
767 1442 918 1485 Goram,
958 1439 1073 1486 νόμον
1112 1440 1152 1476 δὲ
1192 1441 1324 1486 σεμνὸν
1363 1443 1400 1476 et
1435 1444 1582 1477 θεοῖσιν
1619 1439 1778 1490 ᾄδουσαι

253 1496 493 1542 Dingelstad,
529 1494 614 1530 ὅλον
647 1494 687 1530 δὲ
719 1495 759 1530 τὸ
793 1494 880 1530 δέον
906 1496 943 1530 F.
971 1494 1038 1529 Gru.
1066 1494 1250 1539 Schmidt,
1281 1495 1422 1539 θεσμὸν
1455 1493 1496 1530 δὲ
1527 1495 1660 1540 σεμνὸν
1688 1495 1778 1530 Her-

251 1550 410 1594 werden‚
438 1547 554 1593 νόμον
579 1547 619 1583 δὲ
645 1547 753 1584 τόνδε
774 1549 918 1583 Busche
1016 1551 1084 1583 873
1112 1548 1155 1582 σὺ
1179 1547 1277 1592 τάμὰ
1303 1554 1381 1588 πῶς
1405 1546 1503 1594 δέχει
1528 1547 1778 1594 θεσπίσματα;

251 1603 421 1637 Badhan]
444 1609 448 1644 ι
470 1601 504 1637 τί
530 1601 644 1648 τάμὰ]
670 1600 743 1647 λέγ’
775 1601 851 1646 ἀμὰ
876 1601 1101 1636 Herwerden
1199 1604 1267 1636 875
1294 1602 1383 1642 νεὼς
1408 1601 1642 1637 Herwerden.
1689 1601 1778 1637 Ver-

251 1669 331 1690 sum
364 1655 465 1691 (leleb
491 1654 634 1700 Gognel
756 1659 823 1690 877
851 1652 936 1690 οἶδα
969 1653 1101 1690 νόστον
1134 1653 1257 1689 οἴκαδ’
1289 1654 1327 1689 εἴ
1350 1653 1384 1689 6'
1415 1655 1529 1690 αὐτοῦ
1563 1653 1663 1700 μένει
1688 1655 1779 1690 Her-

250 1710 410 1753 werden,
437 1706 523 1744 οἶδα
550 1707 682 1744 νόστον
709 1708 746 1743 εἴ
767 1721 805 1744 σε
832 1715 900 1744 νῦν
920 1707 1020 1754 μένει
1042 1707 1213 1753 Schenkl,
1241 1705 1326 1742 οἶδα
1347 1705 1479 1744 νόστον
1499 1707 1566 1743 εἴτ’
1591 1708 1659 1754 ἄτη
1679 1706 1779 1754 μένει

252 1764 449 1808 Gompch,
489 1762 572 1797 fort.
608 1759 693 1797 οἶδα
731 1762 794 1796 καὶ
832 1767 900 1797 νῦν
933 1760 1061 1802 νόστος
1099 1761 1131 1796 εἰ
1162 1760 1353 1807 γενήσεται
1384 1761 1462 1807 (cfr.
1488 1761 1633 1797 Heracl.
1661 1763 1743 1807 645)
1772 1761 1776 1808 Ι

250 1823 391 1856 νοστεῖς
416 1815 564 1859 Reiskc,
591 1821 730 1850 νοστῶν
756 1815 953 1860 Musgrave
1068 1817 1135 1849 879
1162 1814 1244 1849 fort.
1274 1811 1371 1849 ἐστὶν

346 1879 414 1910 880
429 1887 481 1919 sq.
506 1873 605 1918 ”Ήρα
637 1873 702 1919 μὲν
735 1874 865 1914 εὔνους
899 1874 951 1914 εἰς
989 1871 1036 1918 (σ’
1073 1873 1124 1914 εἰς
1156 1872 1312 1919 Goguel)
1348 1872 1495 1917 πάτραν
1526 1880 1639 1908 σῶσαι
1677 1872 1779 1909 θέλει

252 1928 397 1974 (ceteris
425 1927 572 1973 deletis)
593 1926 818 1972 Dingelstad
913 1930 980 1961 882
1001 1925 1223 1974 Ἀλεξάνδρῳ
1243 1926 1439 1962 Kirchhoff
1526 1931 1594 1962 884
1620 1927 1779 1973 Κύπρις]

252 1981 343 2026 αὕτη
365 1982 403 2016 F.
420 1981 488 2015 Gn.
505 1980 674 2015 Schmidt
770 1983 837 2015 885
850 1992 902 2025 sq.
931 1979 1032 2015 deleb
1051 1979 1090 2014 F.
1106 1979 1173 2014 Gu.
1190 1979 1358 2014 Schmidt
1441 1983 1509 2014 886
1535 1979 1576 2014 τὸ
1602 1981 1780 2024 καλλονῆς

256 2035 435 2071 νίκαθλον
462 2033 659 2077 ἀνονήτοις
684 2033 825 2078 Burges
860 2034 865 2078 Ι
893 2030 1049 2077 ξΕλένην
1075 2034 1191 2068 δοῦσα
1224 2039 1406 2078 μωμητοῖς
1431 2032 1562 2078 γάμοις
1586 2032 1780 2067 Rauchen-

253 2089 348 2124 stein
372 2093 375 2127 i
399 2087 520 2123 οὕνεκ’
552 2087 750 2131 ἀνονήτοις
774 2086 938 2130 Pierson,
965 2086 1032 2121 οὐκ
1059 2085 1250 2131 ἐτητύμοις
1274 2086 1426 2131 Kayser,
1457 2083 1553 2121 ἕνεκ’
1583 2085 1782 2131 ἀνηνύτοις

252 2143 309 2177 W.
339 2141 525 2185 Ribbeck,
553 2138 618 2175 ὧδ’
649 2140 848 2185 ἀνηνύτοις
874 2139 1046 2184 Schenkl,
1078 2140 1158 2185 οὐχὶ
1185 2145 1379 2179 κοινωνοῖς
1403 2139 1463 2174 vel
1487 2139 1612 2184 potius
1638 2138 1782 2179 εἰκόνος

252 2201 374 2235 κενοῖς
398 2194 575 2238 Holzner,
609 2195 675 2228 οὐκ
703 2192 762 2237 ἄρ’
794 2193 949 2238 ὠνητοῖς
973 2193 1198 2228 Herwerden
1227 2195 1230 2237 Ι
1260 2192 1402 2237 ὠνητὸν
1427 2191 1623 2227 Kirchhoff

348 2258 416 2289 890
444 2252 604 2298 ὅμαιμον
624 2252 813 2287 Hermann
836 2256 840 2294 Ι
862 2250 968 2298 τάδε]
994 2251 1108 2286 πάλαι
1128 2251 1265 2286 Reiske
1362 2255 1430 2286 892
1456 2249 1490 2286 τί
1517 2250 1606 2296 φής;
1632 2251 1781 2298 ἀδελφῷ

254 2338 260 2343 .
285 2337 291 2343 .
313 2313 462 2352 σημανῶ
490 2305 523 2352 γ’
548 2306 684 2341 Reiske
777 2309 844 2340 892
861 2318 913 2350 sq.
942 2305 1043 2340 deleb
1068 2305 1242 2349 Hartung
1333 2307 1401 2338 893
1426 2306 1552 2339 θᾶκον
1578 2301 1643 2339 ὧδ’
1674 2303 1780 2348 αἰδή-

254 2375 349 2405 μονα
376 2361 517 2405 Burges
640 2362 707 2393 895
740 2359 805 2393 καὶ
841 2358 934 2403 πρὸς
971 2356 1114 2400 καθίζω
1139 2358 1197 2393 W.
1226 2357 1267 2392 Gr.
1294 2356 1405 2392 Clark
1526 2361 1593 2392 899
1626 2356 1779 2402 φιλτάτη

255 2415 310 2448 Ka
340 2425 397 2449 ser

312 2426 416 2501 y902
445 2463 659 2510 πωλουμένη
686 2464 823 2500 Reiske
944 2468 1118 2499 903-23
1145 2463 1246 2499 delet
1270 2463 1521 2498 Wilamowitz
1642 2467 1709 2498 903
1735 2463 1780 2498 τὰ

254 2519 367 2565 κτητὰ
393 2517 428 2553 δ’
459 2516 498 2553 εὖ
519 2518 586 2552 Fix
669 2521 737 2552 904
762 2516 922 2564 πάντας]
950 2517 1088 2565 βάντας
1114 2517 1169 2551 vel
1196 2515 1353 2557 στάντας
1371 2516 1508 2552 Reiske
1591 2520 1658 2552 905
1685 2516 1780 2552 ἔκδι-

254 2572 317 2613 κός
342 2586 396 2612 τις
422 2572 473 2607 ὤν
498 2571 705 2616 Musgrave,
732 2570 862 2611 ἄδικος
887 2570 935 2611 ὥς
959 2584 1014 2611 τις
1039 2570 1090 2605 ὥν
1116 2570 1271 2614 Porson,
1299 2570 1429 2610 ἄδικος
1454 2570 1624 2605 ὁστισοῦν
1649 2569 1779 2614 Bothe,

255 2624 385 2665 ἄδικός
416 2638 470 2664 τις
501 2624 553 2659 ὤν
583 2624 791 2668 Hermann,
824 2623 954 2664 ἄδικος
985 2623 1028 2658 οὔ
1059 2636 1113 2664 τις
1145 2623 1195 2658 ὤν
1227 2623 1388 2669 LindaU,
1422 2622 1551 2663 ἄδικος
1581 2622 1620 2657 εἴ
1643 2636 1698 2663 τις
1729 2622 1781 2658 ὥν

255 2680 292 2714 F.
321 2678 388 2713 Gn.
416 2677 585 2711 Schmidt
692 2680 759 2711 907
786 2678 852 2712 κού
879 2675 955 2723 γαῖ’
985 2676 1129 2711 Lindau
1153 2677 1157 2722 Ι
1180 2675 1526 2721 ἀνακληρουμένους
1550 2675 1685 2711 Reiske

256 2736 324 2767 908
351 2730 397 2775 μὴ
425 2735 525 2775 σχεῖν
550 2730 735 2765 Headlam
855 2732 922 2763 909
949 2728 1089 2770 ἀθλίως
1114 2728 1149 2764 δ’
1181 2729 1272 2774 ὁμοῦ
1298 2730 1434 2774 Bothe,
1466 2727 1607 2770 ἀθλίως
1637 2727 1672 2764 δ’
1703 2729 1780 2774 ἅμα

255 2785 381 2819 Naber

351 2835 566 2881 91οἛρμῆς
585 2834 620 2870 δ’
645 2834 760 2870 ἔδωκε’
779 2848 821 2881 με
841 2837 965 2880 πατρὶ,
986 2836 1109 2871 deleto
1123 2848 1154 2871 V.
1171 2839 1250 2880 909,
1267 2835 1427 2871 Schenkl
1507 2839 1574 2869 913
1594 2837 1780 2870 θανοῦσιν

256 2889 416 2934 ἀποδοίη
448 2887 538 2923 ποτέ
568 2889 756 2923 Hermann
884 2893 951 2923 915
982 2887 1140 2933 πότερον
1173 2887 1223 2932 δ’,
1256 2888 1379 2923 deleto
1407 2901 1436 2923 v.
1465 2892 1551 2932 914,
1584 2887 1743 2922 Schenkl
1772 2887 1776 2934 Ι
