1929 3208
791 150 1005 184 ΚΤΚΛῼΨ
1625 149 1681 192 29

176 264 269 304 KY.
331 261 389 311 ὡς
420 260 473 314 δὴ
507 259 573 301 σύ.
636 261 726 302 ΧΟ.
759 259 831 300 καὶ
863 265 955 308 πῶς
986 255 1026 300 σ’
1058 258 1178 307 οὔτις
1210 256 1265 299 ἂν
1295 257 1398 312 θείη
1431 256 1622 311 τυφλόν;

175 335 268 374 KY.
331 330 550 380 σκώπτεις.
615 329 637 372 ὁ
671 327 711 371 δ’
747 325 879 379 Οὖτις
910 335 997 371 ποῦ
1026 329 1159 383 ’στινς
1220 330 1311 370 ΧΟ.
1344 327 1558 381 οὐδαμοῦ,
1590 327 1683 369 Κύ-

1114 403 1248 450 κλωψ.
1614 409 1682 440 675

177 477 269 516 ΚΤ.
332 472 354 514 ὁ
388 469 525 525 ξένος,
558 470 615 513 ἵν’
646 471 794 525 ὀρθῶς
826 470 1040 529 ἐκμάθῃς,
1072 471 1118 523 μ’
1147 469 1387 524 ἀπώλεσεν,

331 543 354 585 ὁ
386 540 562 597 μιαρός,
595 543 642 592 ὅς
673 557 724 596 με
757 542 864 592 δοὺς
895 543 943 584 τὸ
976 548 1103 595 πῶμα
1134 539 1386 583 κατέκλυσε.

177 617 267 658 ΧΟ.
331 615 475 663 δεινὸς
507 614 591 668 γὰρ
624 609 745 663 οἶνος
776 613 848 654 καὶ
880 613 1149 654 παλαίεσθαι
1180 612 1332 666 βαρύς.

177 689 270 729 ΚΤ.
332 686 441 739 πρὸς
471 689 607 738 θεῶν,
637 683 878 739 πεφεύγασ’
909 683 934 738 ἢ
967 681 1146 737 μένουσ’
1177 681 1261 724 ἔσω
1294 680 1461 736 δόμων;

177 760 268 799 ΧΟ.
331 753 453 798 οὗτοι
486 759 628 813 σιωπῇ
660 756 740 809 τὴν
771 755 935 810 πέτραν
967 754 1163 808 ἐπήλυγα
1617 762 1684 794 680

333 827 540 881 λαβόντες
571 825 786 881 ἑστήκασι.
849 828 942 867 ΚΤ,
975 825 1160 879 ποτέρας
1191 831 1266 878 τῆς
1298 824 1442 879 χερός;

177 901 267 941 ΧΟ.
331 897 379 940 ἐν
411 896 531 954 δεξιᾷ
562 907 654 938 σου.
718 899 812 938 ΚΥ.
845 902 951 948 ποῦ;
1012 898 1103 938 ΧΟ.
1137 896 1246 951 πρὸς
1279 895 1391 953 αὐτῇ
1421 897 1475 953 τῇ
1506 891 1655 950 πέτρα.

332 966 459 1023 ἕχεις;
522 970 615 1009 ΚΤ.
678 965 815 1009 κακόν
846 982 896 1021 γε
927 967 1038 1021 πρὸς
1069 973 1204 1021 κακῷ·
1237 966 1286 1008 τὸ
1318 966 1504 1021 κρανίον

330 1040 514 1089 πταίσας
545 1036 745 1092 κατέαγα.
807 1040 899 1080 ΧΟ.
932 1039 1008 1079 καί
1037 1049 1084 1079 σε
1118 1037 1417 1091 διαφεύγουσί
1447 1052 1506 1090 γε.

178 1113 270 1153 KY.
333 1110 386 1152 οὐ
418 1109 532 1169 τῇδ’,
564 1108 657 1152 ἐπεὶ
689 1109 782 1167 τῇδ’
814 1105 956 1160 εἶπας;
1016 1110 1107 1151 ΧΟ.
1142 1109 1212 1150 οὔ·
1245 1108 1380 1166 ταύτῃ
1414 1108 1536 1161 λέγω.
1617 1117 1685 1149 685

177 1185 269 1224 ΚΤ.
331 1186 392 1239 πῇ
422 1181 524 1236 γάρ;
585 1183 676 1222 ΧΟ.
709 1178 944 1236 περιάγου,
975 1186 1112 1233 κεῖσε,
1144 1179 1255 1235 πρὸς
1286 1178 1530 1233 τάριστερά.

177 1256 271 1295 ΚΤ.
335 1253 451 1306 οἴμοι
483 1255 691 1306 γελῶμαι·
724 1251 971 1306 κερτομεῖτέ
1002 1250 1044 1304 μ’
1075 1249 1124 1293 ἐν
1155 1256 1315 1300 κακοῖς.

177 1326 269 1366 ΧΟ.
332 1323 432 1365 ἀλλ’
463 1320 624 1377 οὐκέτ’,
656 1322 766 1364 ἀλλὰ
798 1322 998 1377 πρόσθεν
1031 1318 1160 1372 οὗτός
1192 1320 1288 1363 ἐστί
1317 1331 1410 1363 σου.

175 1397 267 1437 ΚΤ.
331 1392 363 1436 ὦ
397 1392 684 1449 παγκάκιστε,
716 1399 802 1435 ποῦ
835 1392 930 1434 ποτ’
962 1388 1018 1444 εἷ;
1085 1395 1176 1434 ΟΛ.
1209 1395 1344 1446 τηλοῦ
1378 1391 1513 1433 σέθεν

333 1468 574 1520 φυλακαῖσι
606 1472 789 1520 φρουρῶ
822 1464 931 1517 σῶμ’
962 1461 1204 1514 Ὀδυσσέως
1235 1463 1347 1505 τόδε.
1618 1472 1686 1504 690

178 1539 273 1579 ΚΤ.
335 1543 426 1586 πῶς
451 1532 593 1588 εἷπας;
625 1536 765 1589 ὄνομα
796 1535 1054 1589 μεταβαλὼν
1085 1535 1242 1576 καινὸν
1275 1534 1431 1588 λέγειςς

185 1611 274 1650 ΟΔ.
338 1608 445 1663 ὅπερ
476 1606 517 1662 γ’
548 1606 571 1649 ὁ
604 1607 750 1661 φύσας
781 1606 964 1660 ὠνόμαζ’
998 1603 1220 1648 Ὀδυσσέα.

332 1679 493 1720 δώσειν
525 1677 565 1719 δ’
596 1676 770 1731 ἔμελλες
802 1677 987 1719 ἀνοσίου
1021 1678 1169 1726 δαιτὸς
1201 1677 1341 1726 δίκας·

333 1756 475 1799 κακῶς
506 1750 590 1804 γὰρ
623 1748 678 1790 ἂν
716 1750 880 1804 Τροίαν
911 1764 960 1803 γε
993 1748 1343 1802 διεπυρώσαμεν,

331 1821 369 1862 εἰ
400 1822 458 1875 μή
490 1820 532 1861 σ’
561 1818 746 1875 ἑταίρων
778 1818 923 1875 φόνον
955 1816 1300 1874 ἐτιμωρησάμην.
1618 1829 1686 1860 695

180 1894 273 1934 ΚΤ.
336 1892 445 1933 αἰαῖ·
477 1891 662 1941 παλαιὸς
687 1892 880 1946 χρησμὸς
911 1890 1224 1945 ἐκπεραίνεται.

331 1962 506 2016 τυφλὴν
537 1963 620 2017 γὰρ
653 1960 759 2013 ὄψιν
791 1961 838 2004 ἐκ
870 1959 1007 2004 σέθεν
1033 1963 1212 2016 σχήσειν
1243 1958 1285 2014 μ’
1318 1958 1401 2015 ἔφη

339 2034 497 2087 Τροίας
528 2030 878 2088 ἀφορμηθέντος.
942 2032 1052 2074 ἀλλὰ
1083 2032 1156 2074 καὶ
1188 2029 1238 2073 σέ
1268 2046 1337 2073 τοι

333 2104 456 2154 δίκας
488 2102 669 2159 ὑφέξειν
701 2103 799 2145 ἀντὶ
829 2102 960 2145 τῶνδ’
992 2101 1230 2145 ἐθέσπισεν

331 2177 474 2217 πολὺν
505 2174 710 2233 θαλάσσῃ
742 2174 907 2230 χρόνον
939 2172 1305 2229 έναιωρούμενον.
1620 2184 1687 2216 700

180 2248 269 2288 ΟΔ.
331 2247 500 2288 κλαίειν
532 2243 570 2287 σ’
603 2246 752 2300 ἄνωγα
783 2245 856 2288 καὶ
888 2243 1066 2300 δέδραχ’
1098 2245 1205 2299 ὅπερ
1239 2243 1362 2298 λέγω.

180 2418 248 2450 674
275 2412 307 2449 σ’
337 2414 451 2461 οὔτις]
488 2415 654 2457 Canter,'
675 2416 734 2450 σύ·
760 2414 816 2455 τίς
848 2416 888 2450 σ’
914 2416 965 2459 L,
1002 2415 1061 2450 σύ·
1094 2413 1150 2455 τίς
1175 2416 1211 2450 Ρ
1306 2418 1373 2449 675
1401 2415 1578 2454 σκώπτεις
1609 2414 1686 2458 Lp,

121 2467 289 2508 σκόπτεις
315 2469 350 2503 Ρ
424 2471 491 2502 677
518 2468 576 2514 με]
603 2468 815 2513 Musgrave,
842 2481 904 2513 μοι
930 2469 1032 2513 LP!
1054 2466 1268 2514 κατέκλυσε]
1297 2467 1448 2510 (buter,
1483 2465 1687 2502 κατέκαυσε

120 2522 209 2564 LP,
244 2519 449 2555 κατέσπασε
471 2532 498 2565 p
595 2524 663 2556 678
689 2533 740 2566 sq.
768 2521 873 2555 nulla
898 2532 1078 2566 personae
1103 2523 1194 2555 nota
1219 2521 1258 2555 in
1284 2522 1370 2564 LP,
1403 2520 1488 2555 add.
1516 2520 1652 2555 Reiske
1681 2521 1684 2566 ι

121 2571 236 2620 οἶνος]
269 2569 361 2621 ᾦνος
392 2573 549 2618 Camper
645 2577 712 2608 681
740 2572 936 2619 ἑστήκασιν
962 2575 1040 2609 LP
1135 2578 1202 2609 683
1230 2576 1308 2609 ΚΤ.
1337 2575 1423 2608 ante
1450 2573 1544 2619 ἔχεις
1570 2573 1686 2608 habeb

119 2628 164 2670 P,
190 2627 255 2662 sed
280 2627 443 2671 spatium
469 2627 555 2671 posb
580 2625 674 2671 ἔχεις
695 2628 700 2671 Ι
722 2633 787 2662 τοῦ
812 2626 970 2671 κρανίου
996 2627 1157 2672 Blaydes
1258 2630 1326 2662 684
1352 2625 1524 2673 πταίσας]
1551 2626 1687 2662 Reiske

122 2680 200 2725 (cfr.
228 2680 360 2715 Aesch.
389 2680 459 2724 Ag.
492 2681 608 2723 1624),
646 2677 784 2719 παίσας
818 2681 905 2723 LP,
941 2682 1081 2720 παῖδας
1106 2682 1142 2715 Ρ
1237 2683 1303 2714 685
1330 2679 1441 2724 vulgo
1474 2676 1582 2719 εἶπας
1608 2680 1687 2714 sine

119 2733 423 2779 interrogationis
459 2732 565 2777 signo
663 2735 730 2766 686
756 2733 948 2778 περιάγου,
982 2734 1094 2779 κεῖσε]
1121 2732 1266 2776 Nauck,
1302 2730 1521 2778 περιάγουσί
1547 2743 1584 2767 σε
1611 2733 1690 2768 LP

181 2789 248 2820 690
275 2786 382 2832 σῶμ’]
411 2785 557 2828 Canta,
580 2785 767 2829 δῶμἘΡ
838 2789 905 2820 692
933 2786 1054 2830 φύσας
1068 2787 1252 2830 ga'apogr.
1267 2785 1381 2820 Paris.
1458 2789 1526 2820 694
1546 2786 1685 2832 κακῶς]

124 2837 238 2878 ἄλλως
263 2838 378 2873 Cobet
400 2840 405 2883 Ι
428 2838 721 2884 διεπυρώσαμεν]
749 2838 827 2880 Fix,
855 2838 1139 2883 διεπυρωσάμην
1167 2839 1239 2873 LP
1357 2841 1425 2873 699
1453 2837 1626 2874 ἐθέσπισε
1654 2840 1689 2874 Ρ

183 2894 251 2926 700
276 2891 448 2938 θαλάσσῃ
474 2902 518 2926 ex
543 2890 724 2926 θαλάσσει
749 2890 839 2926 fecit
860 2903 888 2936 p
