1929 3208
270 174 326 214 :312
900 172 1168 204 ΙῦΤῘἿΙΙῘΔΟΎ

443 278 689 336 μοχθήματ’
729 277 964 333 ἐξέπλησας
997 278 1195 321 ἐκπονῶν
1228 277 1338 333 ἐμοί,
1729 289 1796 319 735

440 351 511 394 καὶ
545 357 628 392 νῦν
660 351 887 405 μετασχὼν
920 357 994 404 τῆς
1026 349 1129 404 ἐμῆς
1161 349 1396 404 εὐπραξίας

442 424 649 476 ἄγγειλον
682 421 829 463 ἐλθὼν
861 428 952 471 τοῖς
985 419 1282 475 λελειμμένοις
1315 421 1462 473 φίλοις

444 489 537 535 τάδ’
575 493 632 542 ὡς
664 488 813 548 ἔχονθ’
851 492 1045 547 ηὕρηκας
1078 488 1131 533 οὗ
1163 487 1199 532 τ’
1236 487 1366 545 ἐσμὲν
1398 491 1547 545 τύχης,

444 563 592 619 μένειν
624 562 658 605 τ’
699 562 763 604 ἐπ’
802 563 952 613 ἀκταῖς
983 563 1086 612 τούς
1116 558 1152 603 τ’
1190 561 1324 616 ἐμοὺς
1355 562 1619 615 καραδοκεῖν

446 636 619 689 ἀγῶνας
651 637 697 677 οἳ
725 635 913 689 μένουσί
941 633 1009 689 μ’,
1041 634 1099 683 ὡς
1132 633 1373 688 ἐλπίζομεν,
1732 642 1799 673 740

450 707 517 748 κεί
546 708 678 760 τήνδε
711 721 803 756 πως
836 702 1072 760 δυναίμεθ’
1109 704 1313 754 ἐκκλέψαι
1345 706 1523 759 χθονός,

446 784 662 832 φρουρεῖν
695 777 812 826 ὅπως
843 775 898 818 ἂν
929 777 991 826 εἰς
1023 777 1072 817 ἓν
1105 775 1314 826 ἐλθόντες
1343 775 1476 830 τύχης

448 849 494 890 ἐκ
527 846 767 903 βαρβάρων
801 852 1033 902 σωθῶμεν,
1066 846 1122 901 ἢν
1155 846 1407 901 δυνώμεθα.

272 922 397 963 ΑΓΓ.
449 921 568 961 ἔσται
600 917 716 967 τάδ’,
750 915 877 968 ὦναξ.
940 916 1049 959 ἀλλά
1081 932 1146 958 τοι
1183 918 1234 958 τὰ
1266 915 1467 971 μάντεων

448 990 622 1033 ἐσεῖδον
655 990 712 1039 ὡς
743 987 874 1044 φαῦλ’
913 987 1003 1030 ἐστὶ
1036 987 1109 1030 καὶ
1140 989 1319 1038 ψευδῶν
1351 986 1470 1029 πλέα.
1731 998 1797 1029 745

449 1060 543 1104 οὐδ’
580 1058 636 1114 ἦν
668 1059 738 1115 ἄρ’
773 1058 894 1113 ὑγιὲς
925 1058 1058 1101 οὐδὲν
1092 1059 1291 1114 ἐμπύρου
1324 1059 1490 1113 φλογὸς

450 1131 555 1175 οὐδὲ
587 1138 823 1186 πτερωτῶν
854 1128 1093 1185 φθέγματ’·
1127 1130 1286 1184 εὔηθες
1318 1128 1369 1171 δέ
1397 1144 1465 1171 τοι

449 1206 497 1247 τὸ
530 1202 602 1245 καὶ
636 1204 785 1245 δοκεῖν
818 1203 1005 1257 ὄρνιθας
1038 1201 1226 1255 ὠφελεῖν
1258 1201 1455 1256 βροτούς.

452 1274 631 1330 Κάλχας
663 1274 746 1328 γὰρ
780 1273 861 1314 οὐκ
894 1269 976 1314 εἶπ’
1015 1271 1112 1314 οὐδ’
1149 1272 1336 1326 ἐσήμηνε
1370 1277 1538 1328 στρατῷ

453 1345 638 1400 νεφέλης
669 1341 1062 1400 ὑπερθνῄσκοντας
1095 1344 1281 1398 εἰσορῶν
1313 1344 1473 1397 φίλους
1736 1352 1803 1383 750

452 1416 548 1460 οὐδ’
573 1415 768 1469 ’Έλενος,
801 1415 911 1457 ἀλλὰ
943 1417 1069 1464 πόλις
1101 1412 1367 1469 ἀνηρπάσθη
1401 1412 1554 1468 μα’την.

457 1492 614 1541 [εἴποις
645 1489 716 1542 ἄν,
750 1482 894 1542 οὕνεχ’
931 1485 954 1528 ὁ
986 1487 1092 1535 θεὸς
1124 1485 1205 1527 οὐκ
1235 1484 1486 1539 ἠβούλετο·]

454 1562 499 1602 τί
529 1561 636 1614 δῆτα
669 1560 998 1613 μαντευόμεθα;
1030 1565 1123 1606 τοῖς
1154 1560 1302 1598 θεοῖσι
1335 1556 1415 1611 χρὴ

452 1632 650 1680 θύοντας
680 1631 819 1671 αἰτεῖν
853 1626 1016 1682 ἀγαθά,
1048 1629 1253 1683 μαντείας
1287 1623 1327 1669 δ’
1365 1627 1458 1669 ἐᾶν

454 1704 557 1757 βίου
589 1702 671 1756 γὰρ
704 1702 846 1750 ἄλλως
882 1699 1036 1754 δέλεαρ
1069 1699 1240 1754 ηὑρέθη
1274 1699 1389 1752 τόδε,
1737 1707 1803 1739 755

454 1771 628 1822 κούδεὶς
661 1767 896 1825 ἐπλούτησ’
932 1770 1194 1826 ἐμπύροισιν
1227 1769 1359 1825 ἀργὸς
1391 1770 1472 1811 ὥν·

454 1845 607 1899 γνώμη
642 1839 680 1885 δ’
718 1842 872 1898 ἀρίστη
906 1842 1060 1896 μάντις
1091 1842 1117 1895 ἥ
1149 1839 1186 1882 τ’
1225 1841 1446 1895 εὐβουλία.

278 1920 368 1959 XO.
455 1915 498 1966 ἐς
529 1915 660 1957 ταύτὸ
692 1911 822 1969 κάμοὶ
856 1912 962 1964 δόξα
995 1911 1194 1967 μάντεων
1228 1911 1327 1967 πέρι

454 1993 589 2042 χωρεῖ
618 1985 811 2040 γέροντι·
843 1986 947 2034 τοὺς
979 1985 1115 2033 θεοὺς
1146 1984 1258 2038 ἔχων
1289 1998 1354 2033 τις
1386 1981 1441 2024 ἂν

456 2061 617 2114 φίλους
648 2056 833 2110 ἀρίστην
868 2056 1082 2111 μαντικὴν
1115 2056 1206 2110 ἔχοι
1239 2055 1402 2109 δόμοις.
1737 2063 1804 2094 760

278 2133 370 2171 ΕΛ.
457 2127 566 2171 εἷεν·
597 2129 649 2170 τὰ
681 2125 761 2182 μὲν
795 2129 848 2182 δὴ
883 2124 1002 2180 δεῦρ’
1041 2124 1108 2168 ἀεὶ
1139 2129 1280 2175 καλῶς
1313 2127 1410 2180 ἔχει.

456 2201 572 2249 ὅπως
605 2198 647 2241 δ’
683 2199 869 2253 ἐσώθης,
903 2195 936 2240 ὦ
968 2196 1117 2252 τάλας,
1155 2198 1313 2251 Τροίας
1345 2197 1444 2250 ἄπο,

454 2270 610 2323 κέρδος
640 2268 720 2325 μὲν
755 2268 887 2312 οὐδὲν
921 2268 1100 2322 εἰδέναι,
1133 2269 1275 2317 πόθος
1308 2265 1360 2309 δέ
1387 2282 1452 2316 τις

377 2445 442 2475 735
477 2438 644 2476 ἐκπονῶν
678 2438 773 2486 ἐμοί]
807 2439 963 2483 Bames,
997 2437 1036 2472 ἐκ
1067 2435 1194 2472 πόνων
1227 2436 1323 2481 ἐμῶν
1352 2436 1431 2471 LG
1558 2438 1624 2470 738
1657 2433 1804 2481 ἔχονθ’]

280 2495 322 2529 H.
352 2494 579 2539 Stephanus,
615 2493 706 2539 ἔχων
732 2493 810 2528 LG
851 2494 854 2535 Ῑ
897 2490 1053 2536 εὕρηκας
1085 2492 1163 2525 LG
1204 2493 1208 2533 Ι
1249 2487 1308 2535 οὗ]
1340 2488 1539 2533 Tyrwhitt,
1572 2486 1608 2523 οἶ
1633 2488 1711 2523 LG-

282 2552 348 2582 740
371 2546 520 2592 μένουσί
540 2546 577 2592 μ’
603 2547 665 2593 ὡς]
687 2546 896 2591 Musgrave,
918 2543 1090 2589 μένουσιν
1111 2543 1175 2584 οὓς
1188 2545 1234 2588 L,
1254 2542 1442 2588 μέλλουσιν
1463 2542 1526 2582 οὓς
1548 2542 1582 2576 G
1664 2545 1728 2576 741
1750 2541 1806 2576 κεί

279 2600 389 2644 τήνδε
414 2602 506 2647 πως]
533 2601 572 2635 L.
600 2599 767 2643 Dindorf,
800 2599 863 2633 καὶ
888 2597 999 2641 τήνδε
1025 2604 1102 2637 πῶς
1128 2597 1206 2632 LG
1235 2599 1239 2641 Ι
1268 2595 1436 2638 ἐκπλέξαι
1462 2595 1552 2639 LG,
1583 2592 1758 2639 ἐκκλέψαι
1783 2605 1806 2639 q

378 2658 443 2689 745
471 2653 612 2688 ἐσεῖδον
638 2652 698 2687 hie
724 2652 803 2687 LG
910 2654 1048 2685 746—8
1074 2653 1160 2696 post
1186 2654 1250 2684 751
1279 2649 1439 2684 collocat
1463 2648 1502 2683 F.
1531 2648 1597 2683 Gru.
1626 2646 1804 2691 Schmidt,

281 2718 349 2752 ego
383 2709 574 2752 suspectos
608 2706 729 2741 habeo
852 2708 916 2738 747
946 2703 1047 2749 οὐδὲ]
1077 2702 1284 2746 Kirchhoff⁷
1317 2702 1399 2736 οὔτε
1425 2701 1504 2736 LG
1626 2704 1690 2735 751
1719 2698 1800 2735 οὐδ’

273 2759 439 2806 Ἕλενος]
466 2760 617 2803 Porson‚
645 2757 755 2794 οὐδέν
782 2770 821 2804 γε
848 2758 893 2801 L,
921 2755 1030 2791 οὐδέν
1057 2755 1090 2802 7³
1124 2757 1156 2791 G
1273 2760 1338 2790 752
1367 2754 1505 2790 delevit:
1530 2753 1647 2789 Cobe1:
1674 2755 1679 2798 1
1707 2753 1805 2788 εἴποι

283 2815 316 2849 G
416 2817 480 2848 753
508 2812 791 2858 μαντευόμεσθα
816 2812 894 2846 LG
917 2814 921 2854 1
944 2816 1035 2856 χρῆν
1061 2810 1193 2844 Nauck
1305 2813 1371 2843 755
1399 2807 1498 2855 βίου]
1523 2808 1606 2842 fort.
1634 2808 1775 2853 βροτῶν
1797 2807 1802 2853 Ι

281 2866 416 2912 εὑρέθη
438 2868 515 2901 LG
608 2870 674 2900 759
701 2863 809 2911 γέρον
834 2863 869 2899 τί
894 2864 983 2907 LG,
1010 2862 1154 2909 γέροντι
1181 2864 1193 2898 l
1290 2866 1357 2897 760
1385 2861 1456 2908 ἔχει
1482 2862 1571 2896 mut.
1598 2860 1637 2894 in
1663 2859 1738 2906 ἔχοι
1758 2859 1804 2904 L,

282 2920 357 2966 ἔχοι
384 2923 473 2955 mut.
501 2920 540 2954 in
567 2919 639 2965 ἔχει
668 2920 701 2955 G
