1929 3208
767 134 953 167 ΜΙΙΔΕΙΑ
1568 129 1625 170 49

274 243 415 297 πατὴρ
449 240 659 296 ἀφείλετ’.
720 238 755 284 ὦ
786 244 966 295 γλυκεῖα
997 240 1244 294 προσβολή,

276 311 310 356 ὦ
343 313 569 368 μαλθακὸς
601 313 715 367 χρὼς
745 311 917 366 πνεῦμά
947 309 994 352 θ’
1032 311 1214 364 ἥδιστον
1244 307 1422 350 τέκνων.
1534 318 1624 349 1075

276 391 454 440 χωρεῖτε
485 381 681 439 χωρεῖτ’·
713 381 854 425 οὐκέτ’
892 380 981 437 εἰμὶ
1011 378 1305 437 προσβλέπειν

278 456 349 498 οἵα
381 471 426 497 τε
457 456 635 508 παῖδας,
668 453 778 496 ἀλλὰ
809 461 996 508 νικῶμαι
1027 459 1189 502 κακοῖς.

276 525 348 569 καὶ
380 526 596 582 μανθάνω
629 522 709 581 μὲν
742 519 814 567 οἷα
847 525 958 580 δρᾶν
989 522 1132 579 με’λλω
1164 523 1295 577 κακοί,

276 598 421 653 θυμὸς
454 595 501 640 δὲ
534 598 751 651 κρείσσων
781 603 870 638 τῶν
902 595 1019 650 ἐμῶν
1052 593 1383 649 βουλευμάτων,

278 670 412 722 ὅσπερ
445 670 664 724 μεγίστων
695 671 833 717 αἴτιος
864 674 1011 709 κακῶν
1044 668 1231 728 βροτοῖς.
1538 673 1628 704 1080

131 802 222 842 ΧΟ.
282 799 490 848 πολλάκις
520 798 605 852 ’ἤδη

283 870 356 912 διὰ
388 868 659 923 λεπτοτέρων
690 869 850 924 μύθων
883 870 1043 923 ἔμολον

279 939 351 983 καὶ
383 940 491 996 πρὸς
523 939 706 995 ἁμίλλας
737 936 882 994 ἦλθον
915 941 1087 994 μείζους

278 1011 304 1066 ’ἢ
337 1013 418 1067 χρὴ
451 1012 608 1064 γενεὰν
640 1014 788 1065 θῆλυν
821 1010 1024 1066 ἐρευνᾶν·

278 1082 389 1125 ἀλλὰ
419 1084 502 1137 γὰρ
536 1084 655 1125 ἔστιν
687 1088 831 1137 μοῦσα
862 1080 934 1124 καὶ
966 1081 1085 1136 ἡμῖν,
1540 1089 1629 1120 1085

278 1154 305 1209 ἢ
337 1157 600 1208 προσομιλεῖ
629 1155 788 1209 σοφίας
819 1152 982 1206 ἕνεκεν,

284 1225 466 1267 πάσαισι
498 1223 579 1280 μὲν
612 1225 683 1267 οὔ·
715 1230 889 1279 παῦρον
922 1222 970 1266 δὲ
1003 1222 1128 1278 γένος
1160 1248 1218 1252 —

284 1298 389 1352 μιάν
422 1295 469 1338 ἐν
501 1299 683 1345 πολλαῖς
715 1296 862 1350 εὕροις
894 1294 948 1337 ἂν
981 1299 1085 1345 ἴσως
1118 1319 1172 1324 —-

281 1367 363 1410 οὐκ
395 1367 651 1421 ἀπόμουσον
682 1368 731 1408 τὸ
765 1374 999 1420 γυναικῶν.

279 1440 357 1480 καί
384 1454 497 1493 φημι
529 1439 701 1492 βροτῶν
736 1436 894 1487 οἵτινές
927 1439 1039 1480 εἰσιν
1543 1446 1632 1477 1090

281 1510 462 1564 πάμπαν
493 1509 666 1562 ἄπειροι
698 1507 799 1563 μηδ’
837 1508 1086 1563 ἐφύτευσαν

283 1581 464 1633 παῖδας,
495 1579 736 1635 προφέρειν
768 1580 830 1630 εἰς
863 1580 1070 1635 εὐτυχίαν

283 1658 372 1693 τῶν
403 1649 688 1705 γειναμένων.

283 1722 328 1764 οἱ
357 1720 438 1777 μὲν
470 1722 643 1764 ἄτεκνοι
677 1720 734 1763 δι’
772 1721 1073 1776 ἀπειροσύνην

202 1891 291 1922 1075
318 1892 412 1932 χρῶς
432 1887 468 1921 Β
500 1897 589 1921 corr.
612 1887 631 1921 b
778 1890 867 1922 1077
896 1885 973 1932 ora]
1001 1883 1062 1921 οἶά
1084 1887 1151 1921 Ba
1182 1897 1272 1920 corr.
1295 1885 1364 1920 ba=²²
1395 1887 1400 1929 Ι
1431 1897 1468 1918 τε
1495 1885 1634 1923 παῖδας

106 1940 252 1986 scripsi]
280 1953 317 1975 τε
344 1951 484 1975 ******
505 1940 540 1973 B
578 1952 615 1974 τε
641 1939 733 1983 πρὸς
759 1940 853 1984 ὑμᾶς
873 1939 1022 1974 B¹Ea2
1057 1952 1095 1974 τε
1121 1945 1288 1984 προσμᾶς
1308 1951 1330 1973 (ι
1367 1937 1400 1973 τ’
1434 1938 1469 1978 ἐς
1496 1937 1590 1981 ὑμᾶς
1611 1937 1638 1971 S

104 1994 198 2036 πρὸς
224 1994 317 2037 ὑμᾶς
343 1992 425 2027 Chr.
451 1994 527 2038 pat.
556 1996 634 2027 875.
664 1997 752 2027 1611
785 1996 788 2038 Ι
818 1993 962 2039 κακοῖς]
995 1991 1126 2033 πόνοις
1152 1992 1285 2027 Christ.
1312 1994 1388 2037 pat.
1414 1996 1492 2035 595,
1520 1994 1587 2024 2575

109 2050 198 2081 1073
231 2048 325 2090 δρᾶν
358 2045 471 2091 μέλλω
498 2047 532 2081 L
565 2048 602 2081 et
634 2058 759 2081 omnes
793 2046 857 2090 qui
890 2047 987 2080 hunc
1018 2046 1140 2081 locum
1171 2045 1330 2080 laudant
1362 2045 1472 2089 (Plut.
1501 2044 1546 2078 de
1572 2043 1633 2078 vit.

106 2099 192 2144 pud.
217 2104 256 2134 11
285 2112 319 2144 p.
342 2103 421 2135 533.
459 2099 644 2133 Lucianus
671 2100 766 2145 apol.
791 2104 844 2135 10.
884 2099 1052 2134 Clemens
1072 2099 1177 2134 Alex,
1198 2100 1231 2134 II
1256 2112 1290 2145 p.
1315 2103 1392 2134 167.
1426 2097 1589 2132 Galenus
1604 2097 1636 2130 V

106 2165 140 2198 p.
163 2156 242 2187 307.
269 2155 348 2187 408,
400 2152 577 2197 Synesius
610 2152 656 2187 de
687 2163 801 2197 regno
833 2164 867 2197 p.
892 2157 944 2187 11.
995 2152 1184 2188 Hierocles
1219 2153 1259 2186 in
1285 2164 1360 2187 aur.
1388 2163 1497 2186 carm.
1525 2164 1558 2196 p.
1581 2154 1635 2184 50.

107 2205 286 2240 Arrianus
311 2205 432 2250 Epict.
453 2205 478 2249 I,
505 2209 549 2240 28
576 2206 605 2251 (I
630 2218 665 2251 p.
689 2210 756 2240 144
783 2205 925 2250 Schw.).
977 2205 1190 2251 Simplicius
1216 2206 1253 2240 in
1279 2205 1399 2251 Epict.
1420 2205 1447 2248 Ι,
1474 2209 1495 2239 4
1522 2206 1570 2249 (p.
1594 2207 1636 2237 18

106 2259 254 2304 Dfibn.).
307 2258 346 2292 in
372 2258 524 2295 Aristot.
558 2261 676 2305 categ.
709 2272 743 2305 p.
771 2264 825 2295 61.
876 2259 1035 2294 Albinus
1068 2260 1113 2294 de
1141 2260 1255 2294 doctr.
1282 2259 1377 2294 Plat.
1406 2262 1460 2294 ⁶24.
1512 2257 1636 2302 script.

108 2312 249 2357 proleg.
276 2311 314 2346 in
340 2311 431 2357 phil.
458 2311 498 2346 in
518 2311 676 2347 Cramer.
699 2314 825 2348 anecd.
847 2312 929 2347 Par.
944 2312 995 2346 IV
1014 2325 1048 2358 p.
1071 2316 1149 2348 398.
1189 2312 1233 2347 cf.
1257 2312 1440 2346 Aristides
1454 2312 1486 2345 II
1507 2324 1540 2356 p.
1557 2315 1635 2346 505.

109 2365 271 2400 Galenus
291 2365 322 2399 V
356 2377 392 2410 p.
413 2369 492 2400 372.
542 2365 754 2401 Eustratius
786 2365 825 2400 in
856 2366 1009 2401 Aristot.
1044 2366 1116 2401 eth.
1144 2366 1194 2399 VI
1226 2365 1289 2400 fol.
1317 2368 1402 2409 85v)
1433 2364 1505 2398 nisi
1538 2364 1636 2408 quod

110 2417 274 2462 τολμήσω
300 2417 338 2452 in
366 2418 478 2453 schol.
506 2418 634 2453 Albini
659 2418 698 2453 in
723 2430 838 2464 marg.
866 2418 928 2454 fol.
950 2423 994 2453 22
1022 2419 1100 2454 cod.
1128 2419 1241 2453 Maro.
1268 2418 1359 2454 Ven.
1381 2422 1448 2452 513
1476 2417 1553 2462 (cfr.
1576 2416 1638 2450 Vi-

109 2471 191 2506 telli
224 2470 327 2506 Stud.
354 2471 437 2506 Ital.
458 2472 475 2505 I
500 2483 535 2516 p.
557 2473 654 2519 126)]
692 2472 856 2517 τολμήσω
876 2485 896 2508 r
933 2470 1090 2516 δρασείω
1117 2471 1259 2506 Mekler
1405 2474 1495 2505 1080
1528 2481 1638 2513 quem

111 2524 219 2559 affert
250 2523 350 2560 Stob.
377 2524 411 2560 fl.
433 2529 489 2571 20,
516 2529 572 2570 38,
606 2528 819 2571 suspectum
848 2525 964 2560 habet
990 2525 1137 2571 Sauppe
1273 2528 1363 2559 1083
1390 2523 1534 2567 ἤλυθον
1554 2523 1593 2557 Ε

231 2586 254 2603 ἐι

114 2617 205 2648 1084
229 2611 252 2657 ἢ
279 2612 345 2658 (sic
370 2625 417 2648 m.
441 2615 474 2659 1)
495 2615 554 2660 E]
581 2614 613 2649 εἰ
632 2627 651 2650 r
731 2618 822 2649 1085
849 2614 923 2649 ἐστὶ
942 2615 1027 2649 ΒΕ
1105 2618 1194 2650 1086
1222 2613 1322 2648 ἕνεκε
1343 2614 1378 2647 Β
1454 2615 1542 2646 1087
1559 2623 1638 2656 sqq,

111 2665 152 2701 δὲ
186 2664 292 2711 γένος
317 2687 362 2692 -
387 2664 476 2710 μίαν
508 2667 547 2702 ἐν
568 2696 599 2703 ..
621 2668 688 2703 οὐκ
720 2666 935 2712 ἀπόμουσον
966 2667 1130 2712 Elmsley
1163 2667 1219 2712 (δὲ
1251 2678 1317 2711 pro
1350 2665 1391 2701 δὲ
1423 2666 1469 2710 δὴ
1502 2668 1540 2700 et
1571 2666 1638 2700 οὐκ

111 2731 177 2764 pro
210 2719 301 2754 κούκ
332 2718 407 2753 iam
433 2719 598 2766 Reiske)]
637 2720 678 2756 δὲ
710 2721 755 2766 δὴ
788 2719 845 2766 (δέ
874 2734 908 2756 τι
928 2722 1014 2764 312⁵,
1053 2721 1098 2766 δὴ
1121 2722 1144 2765 I)
1178 2719 1283 2765 γένος
1316 2719 1355 2753 ἐν
1377 2748 1382 2754 .
1401 2748 1406 2753 .
1428 2719 1520 2753 κούκ
1547 2716 1639 2753 ἀπό-

112 2783 250 2818 μουσον
275 2771 382 2819 libri,
411 2772 474 2808 cfr.
496 2773 607 2808 schol.
636 2772 738 2820 μέχρι
763 2780 828 2809 τοῦ
855 2775 922 2808 οὐκ
948 2772 1164 2817 ἀπόμουσον
1189 2773 1229 2807 τὸ
1257 2777 1442 2816 γυναικῶν
1469 2770 1509 2805 ἐν
1534 2782 1639 2815 μεσο-

114 2824 290 2874 συλλαβίᾳ
317 2825 415 2860 ἐστὶν
441 2825 460 2861 ὁ
485 2825 592 2871 λόγος
699 2831 789 2862 1088
815 2829 1008 2861 πολλαῖσιν
1029 2827 1040 2861 l
1070 2827 1074 2872 Ι
1107 2826 1228 2869 εὕροις
1247 2826 1282 2859 Β
1399 2828 1490 2858 1090
1516 2824 1608 2858 εἰσιν
1629 2824 1640 2857 ἶ

117 2878 155 2914 in
180 2879 269 2926 ras]
309 2878 378 2914 εἰσι
397 2891 418 2915 r
567 2882 658 2913 1092
684 2878 911 2924 προ*φέρειν
932 2881 968 2914 Β
1108 2883 1200 2913 1094
1226 2877 1292 2923 μὲν
1318 2877 1472 2924 Pol-son]
1511 2876 1577 2922 μέν
1602 2875 1635 2912 τ’

184 2945 411 2980 Euripides,
430 2945 547 2971 Medea.
586 2945 698 2971 Ed.11.
1405 2941 1427 2971 4
