1929 3208
237 162 292 202 :32
862 163 1132 196 lewnmoT

413 270 631 319 θύσοντες
663 268 894 324 ἐρχόμεσθ’
923 268 1142 326 Ὀλυμπίῳ
1178 271 1266 312 Διί.

416 342 562 382 κλύων
597 338 643 381 δὲ
677 338 797 381 ταῦτ’
832 344 1050 393 Αἴγισθος
1084 339 1254 383 ἐννέπει
1287 341 1402 383 τάδε·

414 418 498 452 νῦν
531 409 611 465 μὲν
643 408 745 464 παρ’
778 410 883 464 ἡμῖν
915 411 996 464 χρὴ
1030 413 1290 462 συνεστίους
1322 411 1416 466 ἐμοὶ

414 484 574 535 θοίνης
606 480 834 535 γενέσθαι·
866 481 1067 536 τυγχάνω
1102 480 1148 523 δὲ
1181 484 1420 536 βουθυτῶν
1698 495 1763 525 785

417 553 641 607 Νύμφαις·
676 551 778 609 ἑῷοι
812 548 851 593 δ’
883 551 1196 602 ἐξαναστάντες
1229 552 1382 608 λέχους

414 623 457 673 ἐς
489 624 650 665 ταύτὸν
683 620 810 677 ἥξετ’.
873 621 967 664 ἀλλ’
999 627 1134 677 ι”ωμεν
1167 623 1210 673 ἐς
1243 625 1422 679 δόμους·

414 694 484 737 καὶ
517 691 648 736 ταῦθ’
679 690 752 748 ἅμ’
782 693 966 747 ἠγόρευε
1000 693 1071 735 καὶ
1105 695 1229 748 χερὸς
1262 692 1410 749 λαβὼν

413 773 609 820 παρῆγεν
641 765 771 819 ἡμᾶς·
805 763 904 806 οὐδ’
935 764 1230 818 ἀπαρνεῖσθαι
1262 766 1416 820 χρεών.

416 835 507 879 ἐπεὶ
542 833 581 878 δ’
612 835 660 878 ἐν
691 839 829 884 οῖ’κοις
861 831 986 890 ἦμεν,
1019 834 1190 877 ἐννέπει
1222 837 1343 878 τάδε·
1697 850 1763 881 790

417 905 563 962 λούτρ’
597 907 655 957 ὡς
686 907 863 961 τάχιστα
895 913 987 956 τοῖς
1019 905 1160 957 ξένοις
1191 923 1255 958 τις
1287 907 1458 963 αἰρέτω,

416 981 473 1030 ὡς
505 977 617 1034 ἀμφὶ
649 980 799 1033 βωμὸν
832 985 966 1020 στῶσι
997 979 1215 1033 χερνίβων
1247 978 1390 1030 πέλας.

415 1049 508 1093 ἀλλ’
538 1046 624 1092 εἶπ’
651 1048 866 1105 Ὀρέστης·
899 1048 1059 1103 ἀρτίως
1090 1049 1339 1105 ἡγνίσμεθα

415 1127 642 1177 λουτροῖσι
674 1125 890 1175 καθαροῖς
921 1122 1148 1175 ποταμίων
1180 1120 1376 1176 ῥείθρων
1407 1123 1504 1164 ἄπο.

415 1195 455 1236 εἰ
479 1191 526 1235 δὲ
559 1192 711 1243 ξένους
743 1191 914 1233 ἀστοῖσι
946 1192 1165 1234 συνθύειν
1196 1194 1351 1247 χρεών,
1695 1204 1762 1235 795

414 1262 615 1318 Αἴγισθ’,
649 1263 815 1318 ἕτοιμοι
846 1262 955 1305 κούκ
986 1262 1337 1318 ἀπαρνούμεσθ’,
1371 1264 1489 1315 ἄναξ.

413 1341 573 1378 τοῦτον
605 1333 685 1390 μὲν
717 1330 800 1376 οὖν
833 1338 1049 1389 μεθεῖσαν
1081 1333 1129 1375 ἐκ
1160 1334 1297 1388 μέσου
1329 1337 1482 1389 λόγον·

415 1410 575 1462 λόγχας
607 1404 654 1448 δὲ
685 1405 840 1455 θέντες
872 1406 1089 1447 δεσπότου
1121 1407 1411 1461 φρουρήματα

415 1480 556 1534 δμῶες
587 1478 695 1532 πρὸς
727 1479 859 1532 ἔργον
890 1476 1048 1527 πάντες
1079 1476 1203 1518 ἵεσαν
1235 1478 1380 1532 χέρας·

414 1552 461 1593 οἳ
488 1546 568 1604 μὲν
600 1555 815 1604 σφαγεῖον
848 1549 1024 1602 ἔφερον,
1058 1549 1104 1589 οἳ
1133 1546 1170 1589 δ’
1202 1542 1314 1604 ᾖρον
1346 1555 1471 1603 κανᾶ,
1693 1559 1762 1590 800

419 1622 545 1663 ἄλλοι
579 1618 627 1662 δὲ
659 1625 747 1675 πῦρ
780 1619 979 1674 ἀνῆπτον
1012 1618 1129 1674 ἀμφί
1155 1615 1193 1660 τ’
1224 1619 1409 1675 ἐσχάρας

415 1693 599 1746 λέβητας
631 1691 831 1745 ὤρθουν·
864 1697 982 1732 πᾶσα
1014 1688 1054 1732 δ’
1086 1690 1258 1733 ἐκτύπει
1291 1691 1432 1746 στέγη.

414 1762 563 1818 λαβὼν
597 1760 645 1804 δὲ
675 1762 896 1817 προχύτας
926 1762 1088 1816 μητρὸς
1120 1760 1297 1816 εὐνέτης
1329 1761 1463 1804 σέθεν

413 1836 567 1889 ἔβαλλε
600 1833 791 1888 βωμούς,
822 1829 965 1874 τοιάδ’
995 1831 1192 1874 ἐννέπων
1225 1834 1323 1887 ἔπη·

417 1906 603 1960 Νύμφαι
635 1911 848 1959 πετραῖαι,
881 1905 1088 1953 πολλάκις
1119 1919 1170 1959 με
1203 1906 1445 1958 βουθυτεῖν
1683 1915 1752 1945 805

414 1975 486 2019 καὶ
517 1977 598 2031 τὴν
630 1971 722 2018 κατ’
753 1979 902 2025 οἴκους
938 1976 1193 2028 Τυνδαρίδα
1226 1972 1410 2030 δάμαρτ’
1440 1974 1549 2030 ἐμὴν

413 2048 691 2102 πράσσοντας
725 2047 783 2096 ὡς
814 2051 914 2100 νῦν,
945 2048 1048 2096 τοὺς
1081 2043 1120 2087 δ’
1151 2046 1282 2101 ἐμοὺς
1314 2046 1502 2101 ἐχθροὺς
1533 2053 1692 2095 κακῶς·

415 2119 555 2174 λέγων
583 2116 786 2173 Ὀρέστην
818 2116 889 2160 καὶ
922 2116 980 2160 σέ.
1044 2118 1256 2172 δεσπότης
1289 2113 1329 2159 δ’
1360 2117 1462 2172 ἐμὸς

414 2189 609 2232 τάναντί’
640 2185 803 2244 ηὔχετ’,
837 2188 890 2231 οὐ
922 2190 1206 2243 γεγωνίσκων
1238 2190 1412 2243 λόγους,

415 2264 567 2316 λαβεῖν
598 2266 778 2317 πατρῷα
812 2257 990 2314 δώματ’.
1053 2259 1098 2301 ἐκ
1130 2264 1268 2301 κανοῦ
1295 2255 1334 2300 δ’
1366 2256 1479 2301 ἑλών
1695 2269 1763 2300 810

415 2337 634 2386 Αἴγισθος
667 2332 811 2387 ὀρθὴν
843 2331 1053 2385 σφαγίδα,
1085 2332 1293 2385 μοσχείαν
1326 2332 1451 2384 τρίχα

334 2447 400 2478 783
426 2441 540 2478 ταῦθ’
565 2442 643 2477 LG
761 2445 827 2476 784
854 2439 945 2485 παρ’
976 2440 1078 2487 ἡμῖν]
1105 2440 1189 2475 fort.
1217 2439 1285 2485 γὰρ
1312 2440 1407 2484 ὑμᾶς
1519 2443 1585 2475 785
1611 2438 1762 2486 θοίνης]

238 2496 386 2541 Reiske‚
411 2494 552 2541 θοίνην
578 2495 673 2539 LG,
707 2493 821 2541 θοίνῃ
848 2493 1139 2529 Valckenarium
1166 2495 1315 2528 secutus
1342 2492 1486 2527 Seidler
1585 2497 1652 2527 789
1678 2493 1761 2527 fort.

238 2550 533 2594 ἀπαρνούμεσθα
559 2548 606 2592 δή
681 2552 745 2582 791
768 2547 904 2591 λουτρὰ
924 2548 970 2591 L,
996 2545 1117 2590 λούτρ’
1143 2547 1207 2581 lG.
1247 2547 1344 2581 Fort.
1367 2545 1490 2590 ἀράτω
1566 2549 1632 2581 792
1651 2544 1764 2585 πέλας

240 2604 273 2638 (1¹
299 2607 336 2638 et
350 2604 396 2647 L,
424 2603 488 2637 sed
508 2605 544 2637 ελ
571 2604 608 2636 et
628 2613 648 2636 σ
668 2612 711 2636 ex
732 2601 816 2635 aliis
842 2601 896 2635 lit.
922 2600 1038 2635 feoitl
1112 2604 1179 2634 795
1206 2600 1288 2635 fort.
1317 2600 1349 2634 εἰ
1375 2600 1433 2644 δὴ,
1461 2599 1583 2634 deleto
1610 2611 1639 2634 v,
1667 2602 1732 2633 796
1755 2599 1760 2646 l

237 2658 369 2703 χρεών]
394 2656 478 2691 fort.
504 2654 613 2700 θέμις
687 2658 753 2689 796
780 2651 1040 2698 ἀπαρνούμεθ’
1063 2654 1114 2697 L,
1141 2652 1422 2697 ἀπαρνούμεσθ’
1453 2653 1507 2687 IG
1581 2656 1649 2687 800
1669 2663 1763 2696 σφα-

237 2716 338 2755 γεῖον
358 2710 506 2756 ἔφερον]
534 2708 712 2753 Scaliger,
738 2706 866 2753 σφάγι’
892 2706 1066 2752 ἐνέφερον
1087 2707 1177 2750 LG,
1203 2705 1349 2752 σφαγεῖ’
1380 2704 1555 2750 ἐσέφερον
1574 2704 1767 2739 Kirchhoff

237 2762 379 2807 (malim
407 2760 603 2807 ἐπέφερον)
678 2765 743 2795 801
773 2766 845 2804 πῦρ
873 2759 1055 2806 ἀνῆπτον]
1082 2759 1228 2803 Cantor,
1254 2759 1378 2804 πυρὰν
1403 2756 1520 2802 ἦπτον
1540 2758 1627 2793 LG.
1663 2758 1760 2792 Fort.

238 2814 411 2861 ἐσχάραις
507 2819 576 2850 804
602 2813 769 2850 ἐννέπειν
794 2815 846 2857 L,
873 2826 928 2848 ειν
955 2813 1024 2848 del.
1053 2815 1091 2847 et
1115 2827 1167 2848 ων
1193 2824 1370 2858 superscr.
1399 2813 1421 2856 I,
1449 2810 1613 2847 ἐννέπων
1640 2810 1673 2845 G

238 2872 305 2903 805
333 2869 445 2904 schol.
466 2867 579 2903 λείπει
602 2867 767 2908 Ἀττικῶς
791 2868 832 2902 τὸ
859 2866 943 2901 δότε
962 2866 1050 2901 inL
1106 2870 1173 2901 809
1201 2865 1316 2912 εὔχετ’
1346 2866 1424 2901 LG
1486 2868 1552 2899 811
1580 2861 1762 2910 σφαγίδα]

238 2922 437 2967 Victorius,
465 2923 654 2968 σφραγῖδα
680 2921 756 2956 LG
781 2922 784 2966 1
808 2919 981 2966 μοσχείαν
1006 2921 1043 2955 L.
1066 2919 1233 2964 Dindorf,
1259 2918 1415 2965 μοσχίαν
1440 2918 1521 2953 LG
