1929 3208
793 147 977 179 ΜιιΔΕιΑ
1589 146 1646 187 55

302 255 464 307 σάρκας
495 254 672 307 γεραιὰς
703 249 940 307 ἐσπάρασσ’
976 250 1048 294 ἀπ’
1085 253 1259 296 ὀστέων.

302 326 445 381 χρόνῳ
480 321 521 365 δ’
557 323 719 379 ἀπέστη
751 322 822 366 καὶ
855 322 1009 379 μεθῆχ’
1047 324 1070 366 ὁ
1105 325 1326 380 δύσμορος

300 398 461 449 ψυχήν·
494 400 631 437 κακοῦ
662 396 745 449 γὰρ
778 391 920 437 οὐκέτ’
956 392 1011 449 ἦν
1043 394 1288 451 ὑπέρτερος.

298 473 463 508 κεῖνται
496 464 543 508 δὲ
574 464 723 521 νεκροὶ
753 473 855 516 παῖς
887 482 930 508 τε
963 465 1033 508 καὶ
1066 465 1208 522 γε’ρων
1239 468 1379 522 πατὴρ
1557 480 1644 509 1220

298 537 449 590 πέλας,
482 537 672 591 ποθεινὴ
706 537 936 591 δακρύοισι
969 539 1187 592 συμφορά.

297 610 373 650 καί
400 623 474 662 μοι
505 609 553 650 τὸ
587 605 667 663 μὲν
700 609 780 650 σὸν
812 607 1011 650 ἐκποδὼν
1043 610 1152 652 ἔστω
1185 611 1338 664 λόγου·

297 679 444 734 γνώσῃ
477 679 560 733 γὰρ
593 679 702 733 αὐτὴ
736 680 885 733 ζημίας
916 680 1215 734 ἀποστροφήν,

296 751 346 792 τὰ
376 751 521 805 θνητὰ
554 746 593 791 δ’
629 749 682 792 οὐ
715 755 798 791 νῦν
829 757 1005 803 πρῶτον
1037 750 1227 805 ἡγοῦμαι
1260 752 1401 805 σκιάν,

295 819 392 864 οὐδ’
427 819 482 862 ἂν
514 819 668 876 τρέσας
700 824 864 875 εἴποιμι
896 822 998 870 τοὺς
1031 823 1198 876 σοφοὺς
1230 824 1401 876 βροτῶν
1550 834 1641 864 1225

295 893 537 941 δοκοῦντας
569 888 679 933 εἶναι
713 889 784 933 καὶ
817 893 1080 947 μεριμνητὰς
1112 895 1256 946 λόγων

293 963 476 1012 τούτους
507 964 716 1018 μεγίστην
749 964 919 1017 μωρίαν
951 962 1248 1017 ὀφλισκάνειν.

291 1038 471 1088 θνητῶν
503 1034 586 1089 γὰρ
619 1033 766 1083 οὐδείς
798 1033 916 1076 ἐστιν
950 1033 1174 1088 εὐδαίμων
1207 1035 1337 1090 ἀνήρ·

292 1106 428 1159 ὄλβου
462 1102 499 1146 δ’
539 1102 821 1159 ἐπιρρυέντος
854 1103 1162 1161 εὐτυχέστερος

292 1177 428 1218 ἄλλου
459 1173 619 1230 γένοιτ’
657 1174 709 1217 ἂν
743 1176 894 1230 ἄλλος,
927 1175 1148 1231 εὐδαίμων
1182 1175 1221 1219 δ’
1259 1176 1313 1219 ἂν
1347 1179 1411 1220 οὔ.
1550 1191 1639 1220 1230

142 1250 233 1289 XO.
294 1246 400 1302 ἔοιχ’
436 1247 458 1290 ὁ
492 1248 662 1302 δαίμων
693 1248 834 1289 πολλὰ
866 1243 959 1303 τῇδ’
996 1246 1043 1290 ἐν
1075 1246 1214 1305 ἡμέρα

291 1319 400 1360 κακὰ
433 1318 664 1369 ξυνάπτειν
698 1317 879 1368 ἐνδίκως
902 1316 1077 1361 Ἰάσονι.

291 1387 324 1432 ὧ
356 1393 536 1444 τλῆμον,
570 1390 627 1440 ὥς
659 1400 741 1431 σου
773 1390 1006 1444 συμφορὰς
1037 1390 1323 1446 οἰκτείρομεν,

290 1463 396 1515 κόρη
431 1459 669 1515 Κρέοντος,
702 1461 795 1515 ἥτις
826 1461 888 1510 εἰς
909 1459 1064 1503 ’Ἀιδου
1098 1462 1263 1516 δόμους

292 1535 387 1587 οῖ’χῃ
420 1532 573 1586 γάμων
606 1531 723 1573 ἕκατι
754 1538 843 1573 τῶν
871 1529 1076 1582 Ἰάσονος.
1547 1546 1635 1576 1235

122 1605 226 1644 MH.
289 1605 433 1657 φίλαι,
467 1601 668 1645 δέδοκται
700 1603 891 1656 τοῦργον
923 1603 981 1652 ὡς
1011 1603 1190 1658 τάχιστά
1222 1620 1296 1658 μοι

288 1674 447 1724 παῖδας
477 1674 700 1728 κτανούσῃ
730 1671 854 1728 τῆσδ’
891 1672 1179 1729 ἀφορμᾶσθαι
1210 1676 1376 1730 χθονὸς

288 1743 361 1786 καὶ
392 1745 449 1799 μὴ
482 1745 646 1800 σχολὴν
678 1745 876 1800 ἄγουσαν
908 1744 1116 1787 ἐκδοῦναι
1146 1744 1276 1788 τέκνα

288 1816 397 1871 ἄλλῃ
429 1821 645 1871 φονεῦσαι
678 1814 1000 1873 δυσμενεστέρα
1032 1819 1137 1871 χερί.

287 1887 458 1937 πάντως
491 1885 566 1941 σφ’
602 1886 770 1942 ἀνάγκη
802 1891 1060 1930 κατθανεῖν·
1093 1886 1184 1930 ἐπεὶ
1217 1886 1264 1930 δὲ
1296 1890 1399 1944 χρή,
1543 1901 1634 1931 1240

286 1956 408 2011 ἡμεῖς
439 1964 694 2013 κτενοῦμεν,
727 1958 851 2013 οἵπερ
884 1957 1168 2013 ἐξεφύσαμεν.

287 2025 381 2070 ἀλλ’
417 2025 469 2070 εἶ’
505 2028 698 2084 ὁπλίζου,
728 2029 898 2083 καρδία.
960 2031 1006 2071 τί
1033 2029 1249 2085 με’λλομεν

204 2203 293 2233 1217
320 2197 496 2242 ἐσπάρασ’
515 2199 550 2234 L
576 2197 774 2242 ἐσπάρασσ’
797 2200 808 2233 ἶ
830 2201 834 2243 Ι
857 2199 932 2233 ἀπὸ
953 2197 1065 2234 avt-‘mv
1080 2200 1119 2234 Ε
1192 2204 1281 2235 1218
1309 2198 1449 2246 ἀπέσβη
1466 2200 1632 2246 Scaliger

156 2256 244 2286 1221
274 2252 476 2296 δακρύουσι
496 2253 563 2287 Ba
602 2252 771 2287 ἐκποδῶν
791 2253 825 2287 L
864 2252 1065 2288 ἐκποδὼνῖ
1169 2257 1259 2287 1223
1286 2253 1417 2288 schol.:
1450 2253 1631 2298 γράφεται

108 2305 275 2350 γλώσση
306 2308 310 2349 1
339 2305 589 2350 ἀντιστροφήν
616 2305 696 2340 Chr.
724 2307 800 2350 pat.
822 2309 907 2349 800,
940 2305 1003 2341 cfr.
1032 2306 1144 2342 schol.
1172 2305 1300 2351 ζημίας
1326 2306 1366 2342 δὲ
1392 2308 1633 2352 ἀποστροφὴν

106 2359 174 2403 τὴν
216 2357 491 2394 ἀντανάκλασιν
534 2364 598 2403 τῆς
641 2364 835 2403 συμφορᾶς
877 2355 921 2401 ἧς
964 2359 1148 2403 δέδρακας
1192 2360 1503 2406 καταληψομένην
1547 2373 1584 2395 σε

109 2416 199 2446 1224
231 2412 290 2458 οὐ]
327 2409 394 2447 οὖν
414 2412 453 2446 Ε
598 2415 781 2446 1225-27
816 2414 1006 2457 suspectos
1038 2413 1153 2447 habet
1180 2415 1222 2447 ut
1247 2414 1422 2448 confictos
1449 2425 1468 2449 e
1496 2418 1563 2448 580
1578 2426 1630 2458 sq.

107 2465 150 2498 R.
171 2463 296 2508 Priuz,
335 2464 399 2509 qui
433 2460 523 2499 1228
557 2465 664 2509 φύσει
696 2476 762 2509 pro
793 2468 946 2510 θνητῶν
978 2466 1152 2511 proponit
1299 2471 1387 2502 1227
1417 2467 1560 2507 τούτοις
1580 2480 1600 2501 (ι
1625 2468 1628 2511 Ῐ

109 2515 251 2561 μωρίαν
281 2516 434 2563 Aldina]
474 2515 606 2562 ζημίαν
641 2517 728 2552 libri
875 2523 964 2553 1228
1001 2518 1186 2564 εὐδαίμων
1222 2519 1332 2566 ἀνήρ]
1369 2520 1490 2566 ὄλβιος
1524 2520 1631 2563 φύσει

108 2570 188 2604 Chr.
215 2572 290 2614 pat.
314 2573 402 2604 1016
525 2574 616 2604 1229
643 2569 904 2616 εὐτυχεστέρως
922 2573 958 2607 Β
991 2585 1010 2607 ο
1038 2584 1115 2617 sup.
1138 2586 1165 2606 ω
1192 2584 1257 2608 scr.
1279 2574 1333 2608 Βι
1456 2577 1544 2607 1230
1572 2573 1630 2607 εὐ-

107 2621 266 2668 δαίμων]
299 2621 421 2668 ὄλβιος
447 2622 579 2658 Christ.
606 2625 682 2668 pat.
706 2627 795 2658 1018
895 2629 984 2659 1232
1012 2625 1211 2668 ξυνάπτειν
1231 2626 1313 2660 ΒΕ
1345 2624 1559 2667 &mnium
1580 2626 1630 2672 L]

107 2675 290 2719 ξυνάψειν
311 2676 347 2710 rl
446 2680 677 2711 1233-1235
704 2676 805 2711 delet
818 2677 917 2712 Weil
1016 2682 1106 2712 1233
1134 2677 1182 2718 ὥς
1208 2689 1245 2712 σε
1272 2682 1463 2722 συμφορᾶς
1482 2678 1630 2713 Brunck

157 2733 245 2763 1234
273 2727 410 2772 δόμους
429 2728 457 2763 S
480 2730 517 2762 eb
542 2728 673 2765 Christ.
701 2732 776 2775 pat.
798 2734 879 2774 878,
907 2735 1008 2775 1505,
1037 2732 1143 2777 1537]
1171 2731 1288 2770 πύλας
1307 2743 1326 2765 r
1408 2734 1497 2764 1236
1523 2731 1629 2774 τοῦρ-

107 2795 173 2827 γον
199 2781 339 2816 sactum
366 2792 409 2816 ex
433 2778 591 2826 τοῦργον
612 2782 660 2827 ,ΕΙ
699 2781 855 2829 τοῦργον
874 2796 894 2818 ’ν
1040 2788 1125 2818 1237
1155 2783 1338 2827 κτανούση
1362 2783 1393 2817 L
1434 2797 1481 2818 αν
1508 2795 1585 2828 sup.
1607 2798 1628 2828 η

107 2846 173 2869 scr.
198 2835 247 2869 ],¹
279 2837 500 2875 (κτανοῦσι-ιν
521 2834 697 2879 Elmsley)
803 2840 889 2870 1241
919 2843 1124 2881 κτανοῦμεν
1145 2837 1208 2871 Ba
1315 2840 1404 2870 1242
1431 2834 1476 2871 εἶ’
1501 2837 1550 2883 L]
1579 2835 1624 2871 εἷ’

106 2887 187 2922 El>
210 2887 266 2922 εἴα
287 2900 304 2922 ι·
