1929 3208
791 169 953 203 ΕΚΑΒΗ
1575 169 1630 210 39

293 275 545 331 Πολυξένης
576 275 765 331 ἐπίσχες,
795 274 1085 331 Ἀγάμεμνον,
1118 277 1282 332 τάφον,
1564 289 1631 319 895

291 349 348 398 ὡς
380 345 482 390 τώδ’
513 348 689 403 ἀδελφὼ
720 350 909 403 πλησίον
941 353 1018 404 μιᾷ
1051 351 1206 402 φλογί,

291 420 420 474 δισσὴ
452 418 638 473 μέριμνα
671 421 820 473 μητρί,
853 423 1116 474 κρυφθῆτον
1147 422 1290 474 χθονί.

141 492 226 532 ΑΓ.
293 492 412 532 ἔσται
442 488 537 532 τάδ’
568 489 701 532 οὕτω·
733 488 804 531 καὶ
836 491 919 545 γὰρ
953 491 993 532 εἰ
1022 488 1102 544 μὲν
1134 488 1190 544 ἧν
1223 492 1390 545 στρατῷ

289 564 446 614 πλοῦς,
479 560 560 603 οὐκ
593 560 647 602 ἂν
679 557 800 616 εἶχον
831 562 962 615 τήνδε
996 573 1067 603 σοι
1100 562 1257 603 δοῦναι
1289 562 1433 617 χάριν·

294 638 375 674 νῦν
407 631 464 686 δ’,
496 632 550 674 οὐ
581 633 675 686 γὰρ·
696 629 782 686 ἴησ’
814 631 994 687 οὐρίους
1025 633 1162 682 πνοὰς
1193 635 1319 686 θεός,
1564 646 1633 675 900

290 702 440 758 μένειν
471 702 637 757 ἀνάγκη
669 706 811 744 πλοῦν
843 702 1039 756 ὁρῶντας
1070 703 1246 757 ἥσυχον.

290 775 461 828 γένοιτο
495 771 534 815 δ’
567 770 616 816 εὖ
647 786 755 823 πως·
788 779 893 814 πᾶσι
926 775 1010 829 γὰρ
1042 775 1195 816 κοινὸν
1227 775 1325 816 τόδε

289 846 379 901 ι’διά
411 842 458 886 θ’
490 843 654 902 ἑκάστῳ
687 842 758 885 καὶ
789 845 936 897 πόλει,
969 845 1046 886 τὸν
1077 842 1158 898 μὲν
1189 846 1325 886 κακὸν

287 917 422 958 κακόν
453 931 494 957 τι
525 915 730 970 πάσχειν,
762 916 841 958 τὸν
874 913 923 958 δὲ
954 917 1146 970 χρηστὸν
1178 916 1390 971 εὐτυχεῖν.

139 1037 225 1076 ΧΟ.
287 1035 343 1076 σὺ
375 1032 476 1088 μέν,
510 1031 543 1075 ὦ
576 1032 729 1088 πατρὶς
759 1032 906 1086 Ἰλιάς,
1341 1036 1503 1091 stroph.
1566 1048 1632 1077 {105

286 1112 375 1147 τῶν
406 1105 675 1159 ἀπορθήτων
706 1107 830 1155 πόλις
863 1104 1009 1148 οὐκέτι
1041 1105 1158 1161 λέξῃ·

287 1183 410 1218 τοῖον
436 1175 659 1218 Ἑλλάνων
691 1175 828 1230 νέφος
860 1176 977 1232 ἀμφί
1005 1190 1052 1219 σε
1085 1179 1265 1231 κρύπτει

287 1246 387 1301 δορὶ
419 1247 473 1301 δὴ
507 1245 606 1302 δορὶ
638 1245 816 1302 πέρσαν.

287 1317 370 1360 ἀπὸ
404 1316 451 1359 δὲ
484 1318 708 1372 στεφάναν
740 1317 948 1373 κέκαρσαι
1566 1334 1633 1364 910

285 1389 488 1443 πύργων,
520 1390 628 1431 κατὰ
661 1387 701 1431 δ’
732 1390 926 1432 αἰθάλου

286 1457 428 1514 κηλϊδ’
459 1460 743 1515 οἰκτροτάταν
774 1459 1006 1516 κέχρωσαι·

288 1528 475 1586 τάλαιν’,
507 1530 653 1573 οὐκέτι
685 1530 726 1572 σ’
757 1531 1022 1587 ἐμβατεύσω.

287 1650 573 1705 μεσονύκτιος
605 1650 831 1705 ὠλλύμαν,
1409 1653 1572 1695 antistr.

286 1718 396 1775 ἦμος
428 1720 474 1762 ἐκ
506 1721 699 1763 δείπνων
730 1721 869 1772 ὕπνος
899 1722 1008 1776 ἡδὺς
1040 1721 1106 1764 ἐπ’
1138 1724 1288 1773 ὄσσοις
1565 1736 1632 1767 915

288 1793 534 1845 σκίδναται,
569 1795 741 1847 μολπᾶν
773 1792 812 1834 δ’
845 1794 929 1835 ἄπο
960 1792 1032 1836 καὶ
1064 1795 1302 1849 χοροποιὸν

287 1865 452 1905 θυσίαν
482 1864 764 1913 καταπαύσας

285 1936 414 1984 πόσις
445 1934 493 1976 ἐν
524 1935 743 1989 θαλάμοις
776 1936 933 1988 ἔκειτο,

288 2006 446 2057 ξυστὸν
479 2003 518 2047 δ’
550 2004 619 2047 ἐπὶ
650 2006 881 2062 πασσάλῳ,
1565 2021 1632 2052 920

289 2076 453 2118 ναύταν
485 2074 637 2118 οὐκέθ’
669 2076 787 2132 ὁρῶν
820 2078 975 2131 ὅμιλον

296 2148 457 2198 Τροιάν
484 2145 632 2189 Ἰλιάδ’
665 2147 896 2202 ἐμβεβῶτα.

231 2279 298 2311 897
325 2275 430 2320 δισσὴ
458 2273 613 2320 μέριμνα
643 2276 691 2323 G]
719 2277 821 2311 6166*
849 2275 1040 2324 μέριμν[α]
1067 2280 1102 2314 A
1128 2280 1239 2314 δισσὼ
1266 2278 1422 2324 μέριμνα
1447 2280 1501 2315 11²
1526 2281 1632 2325 δισσῆ

109 2328 266 2374 μερίμνα
293 2331 326 2364 L
359 2331 466 2375 ὃισσῇ
498 2327 652 2376 μερίμνῃ
686 2331 758 2365 αΕ
787 2331 826 2365 αὶ
859 2342 937 2376 sup.
971 2333 1075 2377 δισσῇ
1109 2334 1146 2367 eh
1176 2347 1216 2367 αι
1248 2345 1327 2378 sup.
1355 2347 1399 2380 νῃ
1427 2344 1493 2368 scr.
1521 2334 1562 2368 (⁶²³

110 2387 178 2418 898
205 2383 251 2430 εἰ]
278 2381 324 2427 ἢν
350 2384 391 2418 Ε
508 2386 576 2417 9οΟ
603 2381 752 2427 οὐρίους
777 2384 862 2430 αΕ]
889 2383 1018 2428 οὐρίας
1042 2397 1061 2420 r
1182 2389 1248 2420 901
1280 2386 1438 2432 ἡσύχους
1469 2386 1632 2431 Elmsley

181 2440 248 2471 90⁶2.
275 2437 367 2483 πῶς]
394 2434 451 2471 σοί
478 2436 519 2471 G.
541 2435 692 2470 Schmid
726 2438 730 2483 Ι
765 2437 910 2484 κοινὸν]
937 2438 1051 2473 καλὸν
1077 2438 1114 2473 C.
1134 2439 1173 2474 F.
1194 2439 1315 2485 Nagel
1437 2443 1503 2474 907
1530 2446 1633 2474 τοῖον

110 2489 224 2536 King]
250 2495 353 2525 τοῖον
379 2488 415 2524 δ’
438 2491 506 2525 Aa
530 2487 671 2525 τοιόνδ’
695 2501 715 2525 r
829 2493 896 2525 909
923 2490 969 2536 δὴ
997 2502 1066 2526 om.
1096 2492 1220 2528 ELG
1245 2493 1330 2527 add.
1358 2494 1370 2528 Ζ
1479 2496 1547 2527 910
1574 2490 1631 2539 δὲ]

110 2542 149 2587 γὲ
170 2543 203 2577 L
225 2545 230 2587 1
253 2541 445 2587 στεφάνων
468 2543 502 2578 G-
579 2546 643 2577 911
667 2542 829 2578 αἰθάλου
849 2550 995 2579 καπνοῦ
1015 2544 1103 2579 libri
1123 2551 1269 2580 καπνοῦ
1291 2546 1361 2580 del.
1384 2545 1583 2580 Triclinius

111 2599 178 2630 912
206 2595 451 2639 οἰκτροτάτα*
478 2609 501 2631 α
527 2595 745 2640 οἰκτρότατα
774 2597 856 2633 0(ιῖ
930 2601 997 2632 913
1023 2598 1181 2634 τάλαινα
1207 2599 1240 2634 G·
1314 2603 1382 2633 914
1409 2599 1568 2643 ὀλλύμαν
1595 2600 1635 2634 Ε

112 2661 202 2685 corr.
230 2650 284 2685 Ε2
311 2648 449 2694 ὀλόμαν
474 2650 509 2684 L
535 2648 687 2694 ὀλοίμαν
714 2651 726 2685 Ζ
822 2654 889 2685 915
917 2651 957 2686 ἐκ
986 2651 1034 2698 G]
1061 2664 1082 2685 >ot
1109 2651 1148 2686 ἐκ
1175 2653 1240 2686 aA
1267 2650 1301 2685 δ’
1327 2651 1365 2686 ἐκ
1386 2652 1465 2686 EL
1488 2654 1492 2696 Ι
1515 2650 1633 2692 ὕπνος

110 2714 180 2738 om.
209 2703 242 2737 L
268 2702 352 2737 add.
380 2703 392 2737 l
414 2703 418 2747 Ι
441 2702 534 2743 ἁδὺς
557 2702 718 2737 Dindorf
787 2707 854 2738 916
880 2702 1053 2740 κίδναται
1083 2705 1115 2740 G·
1137 2708 1141 2750 Ι
1165 2707 1308 2749 μολπᾶν
1332 2705 1402 2739 aE
1411 2704 1459 2750 G]
1488 2704 1631 2749 μολπὰν

110 2756 196 2792 Αα2
220 2758 369 2800 μολπῶν
395 2755 429 2790 L
463 2757 468 2801 Ι
502 2754 592 2802 ἄπο]
620 2755 693 2790 ὄπα
719 2757 860 2802 Burges
894 2760 898 2802 Ι
933 2764 1141 2804 χοροποιῶν
1174 2757 1310 2803 scripto
1337 2771 1356 2792 ο
1384 2769 1492 2802 super
1517 2764 1545 2792 ῶ
1572 2759 1631 2805 Ε]

111 2815 319 2855 χοροποιῶν
345 2810 413 2844 Aa
441 2809 643 2853 χαροποιὸν
669 2809 772 2844 A²a²
797 2817 1010 2855 χαροποιῶν
1036 2811 1114 2846 LG
1202 2814 1269 2844 918
1295 2812 1435 2845 θυσίαν
1462 2811 1630 2857 AaEL]

111 2864 250 2897 θυσιᾶν
277 2862 357 2897 1322
381 2864 524 2897 θυσιῶν
553 2862 604 2905 G,
630 2862 711 2896 fort.
739 2861 879 2898 θαλίαν
1001 2868 1067 2898 922
1100 2862 1252 2910 Τροίαν]
1282 2863 1430 2907 πάτραν
1455 2864 1595 2910 Burges
1623 2865 1627 2909 Ι

113 2914 298 2962 ἐμβεβῶτα
324 2914 538 2962 Triclinius]
565 2915 777 2962 ἐμβεβαῶτα
803 2915 890 2951 libri
