1929 3208
799 160 884 194 ῙῼΝ
1547 158 1604 199 43

78 271 163 310 KP.
287 270 449 318 νόσους
480 267 676 323 ἀπείργει
707 266 778 310 καὶ
810 267 977 322 τροφὰς
1008 268 1094 322 ἔχει
1126 268 1238 321 βίου.

81 342 169 381 ΠΡ.
291 339 313 381 ὁ
347 339 552 395 δεύτερος
584 338 631 380 δὲ
663 340 863 394 θρόμβος
894 338 946 380 ὃν
978 337 1117 392 λέγεις
1147 339 1193 379 τί
1221 339 1324 395 δρᾷ;

80 413 166 452 KP.
291 411 465 463 κτείνει,
498 410 755 465 δρακόντων
789 410 853 459 ἰὸς
886 409 947 451 ὢν
979 416 1067 450 τῶν
1101 411 1336 464 Γοργόνος.
1517 421 1605 451 1015

78 484 168 523 ΠΡ.
291 480 333 530 ἐς
365 481 413 522 ἓν
447 477 495 523 δὲ
526 479 732 535 κραθέντ’
770 480 906 522 αὐτὸν
938 479 964 534 ἢ
997 479 1129 535 χωρὶς
1161 487 1334 534 φορεῖς;

78 555 164 593 ΚΡ.
289 553 437 607 χωρίς·
469 557 586 609 κακῷ
620 552 702 606 γὰρ
735 551 900 594 ἐσθλὸν
933 551 986 592 οὐ
1019 553 1328 605 συμμίγνυται.

78 626 170 665 ΠΡ.
292 620 324 664 ὦ
358 623 542 677 φιλτάτη
575 630 668 676 παῖ,
699 621 826 664 πάντ’
862 624 972 676 ἔχεις
1004 621 1122 663 ὅσων
1156 633 1203 663 σε
1237 622 1313 663 δεῖ.

80 697 168 736 ΚΡ.
293 695 433 751 τούτῳ
466 698 668 736 θανεῖται
701 700 819 743 παῖς·
854 695 908 735 σὺ
942 691 981 734 δ’
1020 692 1042 734 ὁ
1074 693 1259 734 κτείνων
1291 694 1381 747 ἔσῃ.

77 768 168 807 ΠΡ.
289 771 375 807 ποῦ
401 763 474 807 καὶ
499 767 544 806 τί
567 765 748 819 δράσας,
775 764 856 806 σὸν
882 763 1040 818 λέγειν,
1067 766 1232 818 τολμᾶν
1260 761 1300 804 δ’
1332 763 1448 818 ε’μόν.
1516 775 1604 805 1020

76 838 161 878 KP.
286 835 334 878 ἐν
365 843 458 886 ταῖς
485 832 707 890 Ἀθήναις,
740 834 848 890 δῶμ’
887 835 993 877 ὅταν
1025 834 1190 889 τούμὸν
1222 835 1346 890 μόλῃ.

78 910 166 949 ΠΡ.
288 907 369 949 οὐκ
400 903 450 949 εὖ
480 905 573 949 τόδ’
609 903 748 956 εἶπας·
780 905 852 948 καὶ
885 907 941 948 σὺ
972 906 1056 961 γὰρ
1088 905 1255 960 τούμὸν
1286 904 1443 959 ψέγεις.

80 980 164 1019 KP.
287 985 396 1028 πῶς;
430 974 498 1033 ἆρ’
534 978 720 1020 ὑπείδου
752 975 878 1020 τοῦθ’
918 977 940 1019 ὃ
973 975 1072 1032 κᾶμ’
1109 975 1347 1032 ἐσέρχεται;

79 1052 166 1091 ΠΡ.
288 1051 343 1091 σὺ
374 1049 510 1091 παῖδα
543 1048 684 1099 δόξεις
717 1047 928 1102 διολέσαι,
960 1049 1029 1090 κεί
1058 1049 1115 1103 μὴ
1148 1055 1325 1098 κτενεῖς.

82 1122 168 1163 KP.
294 1120 458 1175 ὀρθῶς·
490 1124 684 1175 φθονεῖν
716 1120 799 1175 γάρ
832 1130 942 1174 φασι
973 1120 1186 1202 μητρυιας
1217 1118 1399 1169 τέκνοις.
1518 1130 1607 1160 1025

79 1194 171 1233 ΠΡ.
293 1191 430 1233 αὐτοῦ
461 1208 546 1233 νυν
579 1191 713 1233 αὐτὸν
745 1189 897 1246 κτεῖν’,
930 1189 987 1233 ἵν’
1025 1191 1194 1247 ἀρνήσῃ
1226 1193 1406 1247 φόνους.

79 1265 165 1304 KP.
291 1262 562 1318 προλάζυμαι
594 1269 705 1317 γοῦν
736 1268 796 1320 τῷ
829 1264 973 1320 χρόνω
1005 1268 1080 1317 τῆς
1111 1262 1286 1317 ἡδονῆς.

79 1336 170 1376 ΠΡ.
291 1332 362 1375 καὶ
395 1335 474 1376 σόν
506 1350 555 1388 γε
587 1335 733 1388 λήσεις
764 1335 896 1376 πόσιν
929 1334 956 1376 ἅ
988 1345 1036 1376 σε
1070 1335 1249 1376 σπεύδει
1281 1337 1449 1376 λαθεῖν.

83 1407 162 1446 KP.
289 1401 408 1446 οἶσθ’
445 1401 527 1447 οὗν
560 1405 582 1447 ὃ
617 1406 804 1460 δρᾶσον;
837 1406 981 1460 χειρὸς
1012 1404 1055 1456 ἐξ
1088 1405 1193 1460 ἐμῆς
1224 1405 1372 1460 λαβὼν

289 1474 482 1531 χρύσωμ’
515 1475 706 1527 Ἀθάνας
736 1477 852 1530 τόδε,
885 1477 1073 1518 παλαιὸν
1106 1477 1314 1532 ὄργανον,
1513 1486 1603 1516 1030

291 1546 436 1589 ε’λθὼν
469 1544 527 1589 ἵν’
563 1547 668 1602 ἡμῖν
700 1549 918 1602 βουθυτεῖ
946 1547 1092 1604 λάθρα
1123 1549 1265 1602 πόσις,

291 1619 483 1660 δείπνων
515 1618 621 1660 ὅταν
653 1620 820 1672 λήγωσι
851 1616 923 1660 καὶ
956 1619 1152 1668 σπονδὰς
1183 1622 1308 1668 θεοῖς

293 1688 482 1743 μέλλωσι
515 1690 694 1743 λείβειν,
721 1688 769 1731 ἐν
800 1688 981 1739 πέπλοις
1013 1691 1125 1744 ἔχων
1156 1690 1256 1732 τόδε

293 1760 427 1809 κάθες
459 1759 608 1814 βαλὼν
640 1759 684 1809 ἐς
714 1766 842 1814 πῶμα
873 1761 932 1817 τῷ
966 1762 1135 1817 νεανία,

291 1831 382 1887 ἰδίᾳ
415 1828 478 1884 δέ,
511 1831 569 1884 μή
600 1845 642 1871 τι
673 1835 792 1883 πᾶσι,
825 1831 1015 1885 χωρίσας
1046 1831 1183 1872 ποτὸν
1517 1842 1607 1872 1035

290 1901 348 1957 τῷ
381 1908 470 1943 τῶν
502 1900 619 1955 ἐμῶν
650 1900 856 1956 μέλλοντι
888 1901 1119 1944 δεσπόσειν
1152 1903 1313 1957 δόμων.
1344 1946 1347 1949 ,

290 1973 455 2028 κᾶνπερ
488 1971 644 2028 διέλθῃ
678 1973 853 2027 λαιμόν,
885 1969 1047 2014 οὔποθ’
1083 1972 1218 2024 ἵξεται

175 2103 266 2134 1014
294 2099 334 2135 δὲ
360 2099 542 2147 θρόμβος]
570 2099 712 2146 scripsi,
739 2098 774 2134 δ’
805 2099 967 2145 ἀριθμὸς
986 2101 1066 2136 LP
1143 2105 1232 2136 1015
1256 2101 1457 2147 Γοργόνος]
1478 2102 1610 2145 Bothe,

80 2151 267 2198 γοργόνων
287 2154 366 2189 LP
439 2157 528 2188 1016
555 2151 733 2198 κραθέντ’
764 2154 878 2189 αὐτὸν
904 2152 925 2198 ἢ
952 2155 1062 2199 χωρὶς
1088 2156 1230 2202 φορεῖς]
1253 2155 1387 2190 Cantor
1413 2153 1604 2200 (κραθέντ’

79 2206 207 2250 αὐτὸν)
234 2208 271 2241 et
297 2207 338 2241 A.
367 2207 505 2252 Snupe,
532 2206 700 2251 κρανθὲν
725 2207 861 2242 ταυτὸν
887 2206 988 2252 ἰχῶρ’
1020 2208 1204 2252 εἰσφορεῑς
1229 2209 1308 2244 LP
1404 2212 1493 2242 1017
1521 2220 1609 2252 συμ-

82 2258 231 2304 μικτέον
257 2259 312 2294 vel
340 2258 539 2305 συμμικτεά
565 2260 790 2295 Herwerden
904 2264 993 2295 1023
1022 2260 1082 2305 ἄρ’
1114 2262 1150 2295 Ρ
1174 2264 1211 2296 et
1236 2263 1326 2296 mut.
1354 2261 1392 2296 in
1419 2258 1474 2305 ἆρ’
1510 2263 1547 2296 et
1571 2261 1609 2294 in

83 2330 198 2363 marg.
222 2319 410 2364 superiore
430 2319 470 2355 τὸ
491 2311 564 2364 ἶέρα
590 2319 682 2364 πρὸς
708 2319 775 2364 τὴν
800 2318 928 2365 χρείαν
947 2325 1012 2354 τοῦ
1033 2318 1165 2364 μέτρου
1191 2321 1254 2355 καὶ
1277 2319 1363 2366 δίχα
1382 2326 1447 2355 τοῦ
1469 2320 1608 2364 ἐρωτᾶν

80 2373 139 2406 καὶ
179 2378 401 2415 περισπᾶται
439 2374 502 2408 καὶ
542 2373 710 2415 ὀξύνεται
747 2374 782 2408 L
928 2378 1018 2408 1024
1057 2380 1200 2414 unveis
1235 2375 1278 2418 P,
1318 2380 1456 2414 κτενεῖς
1487 2386 1514 2418 J)

82 2429 170 2460 1025
198 2432 352 2470 φρονεῖν
380 2427 438 2471 ΡΙ
462 2427 552 2471 φησὶ
580 2428 623 2471 P,
650 2427 742 2471 φασὶ
762 2440 790 2471 p
912 2431 1002 2462 1026
1030 2441 1098 2462 νυν
1125 2428 1169 2471 P,
1201 2433 1270 2462 νῦν
1295 2429 1384 2462 mut.
1413 2427 1451 2461 in
1478 2440 1544 2462 νυν
1572 2428 1609 2461 eb

80 2477 117 2512 in
144 2489 259 2523 marg.
288 2480 356 2514 νὺν
390 2476 558 2514 ἐνταῦθα
591 2480 675 2514 ἀντὶ
706 2486 772 2515 τοῦ
805 2487 849 2515 νῦ
881 2483 1267 2525 παραπληρωματικοῦ
1297 2478 1516 2524 συνδέσμου·
1545 2479 1608 2514 διὰ

79 2537 186 2565 τοῦτο
216 2531 283 2576 γὰρ
309 2533 372 2566 καὶ
398 2533 518 2578 βραχὺ
544 2533 634 2568 αὐτὸ
654 2532 903 2578 παραλήγεται
923 2534 986 2568 καὶ
1007 2532 1146 2578 ὀφείλει
1167 2533 1366 2575 ὀξύνεσθαι
1388 2535 1423 2568 L
1445 2534 1449 2577 Ι
1472 2531 1606 2578 κτεῖν’]

79 2585 229 2628 harnes,
251 2591 396 2620 κτεῖνον
410 2586 488 2620 LP
550 2589 638 2619 1027
660 2586 743 2621 fort.
764 2586 832 2631 τὴν
852 2586 994 2631 ἡδονήν
1056 2591 1146 2621 1028
1161 2588 1310 2632 λαθεῖν]
1325 2586 1368 2621 H.
1386 2586 1607 2630 Stephanus,

80 2638 205 2682 λαβεῖν
232 2638 311 2672 LP
342 2639 346 2682 1
381 2637 480 2681 λήσει
512 2637 622 2673 πόσιν
654 2637 721 2673 ὅσα
754 2650 822 2684 σφε
854 2640 913 2674 δεῖ
941 2642 1074 2674 λαθεῖν
1100 2639 1239 2685 Kuiper
1274 2641 1278 2684 1
1313 2638 1335 2672 ἑὲ
1363 2639 1405 2673 σὺ
1441 2639 1609 2678 σπεύδεις

80 2689 291 2724 Wakefield
379 2694 468 2725 1029
496 2691 630 2737 χειρὸς]
657 2691 808 2736 Barnes,
835 2693 940 2738 χερὸς
965 2694 1044 2728 LP
1135 2696 1224 2726 1033
1251 2691 1385 2738 λείβειν
1411 2693 1456 2736 L,
1483 2691 1608 2738 λη’βειν

82 2743 125 2786 1²,
150 2742 234 2778 fort.
268 2741 410 2788 λείψειν
532 2748 623 2779 1034
655 2745 792 2791 βαλὼν]
824 2745 908 2781 fort.
935 2745 1110 2792 στάλαγμ’
1239 2749 1328 2780 1035
1355 2745 1404 2790 μή
1436 2759 1469 2779 τι
1501 2746 1606 2791 πᾶσι]

81 2795 306 2839 ΧἿαΚθΗΘΙᾶ,
340 2796 387 2841 μὴ
421 2802 511 2831 πᾶσι
543 2797 630 2841 LP,
663 2808 840 2842 superscr.
863 2797 927 2834 ’νὶἑ
957 2799 992 2844 (i.
1021 2811 1050 2834 e.
1079 2799 1125 2843 μὴ
1148 2797 1186 2833 ’ν
1211 2799 1340 2843 ἅπασι)
1362 2811 1400 2843 p.
1451 2798 1607 2833 Versum

84 2848 186 2883 delet
210 2849 336 2894 Paley,
370 2850 452 2885 fort.
480 2851 592 2885 verba
616 2854 666 2897 τῷ
692 2850 839 2899 νεανίᾳ,
872 2851 950 2900 ἰδίᾳ
976 2851 1028 2896 δέ,
1055 2852 1102 2896 μὴ
1129 2857 1218 2886 πᾶσι
1245 2851 1403 2886 delenda
1428 2853 1514 2886 sunb

84 2905 175 2936 1036
202 2901 409 2950 δεσπόσειν]
437 2903 604 2948 Dimlorf,
631 2902 819 2946 δεσπόζειν
846 2906 924 2939 LP
