<?xml version="1.0" encoding="UTF-8"?>
<!DOCTYPE html PUBLIC "-//W3C//DTD XHTML 1.0 Transitional//EN"
    "http://www.w3.org/TR/xhtml1/DTD/xhtml1-transitional.dtd">
<html xmlns="http://www.w3.org/1999/xhtml" xml:lang="en" lang="en">
 <head>
  <title>
</title>
<meta http-equiv="Content-Type" content="text/html;charset=utf-8" />
  <meta name='ocr-system' content='tesseract 3.04.00' />
  <meta name='ocr-capabilities' content='ocr_page ocr_carea ocr_par ocr_line ocrx_word'/>
</head>
<body>
  <div class='ocr_page' id='page_1' title='image "./euripidisfabula01euriuoft_0365.png"; bbox 0 0 1929 3208; ppageno 0'>
   <div class='ocr_carea' id='block_1_1' title="bbox 835 137 1638 178">
    <p class='ocr_par' dir='ltr' id='par_1_1' title="bbox 835 137 1638 178">
     <span class='ocr_line' id='line_1_1' title="bbox 835 137 1638 178; baseline 0.004 -3"><span class='ocrx_word' id='word_1_1' title='bbox 835 142 920 176; x_wconf 56' lang='lat'><em>1521&lt;</em></span> <span class='ocrx_word' id='word_1_2' title='bbox 1582 137 1638 178; x_wconf 88' lang='grc'><em>49</em></span> 
     </span>
    </p>
   </div>
   <div class='ocr_carea' id='block_1_2' title="bbox 322 245 1640 2221">
    <p class='ocr_par' dir='ltr' id='par_1_2' title="bbox 329 245 1302 304">
     <span class='ocr_line' id='line_1_2' title="bbox 329 245 1302 304; baseline -0.002 -13"><span class='ocrx_word' id='word_1_3' title='bbox 329 247 385 304; x_wconf 83' lang='grc' dir='ltr'><em>ἦν</em></span> <span class='ocrx_word' id='word_1_4' title='bbox 419 250 472 304; x_wconf 87' lang='grc' dir='ltr'><em>δὴ</em></span> <span class='ocrx_word' id='word_1_5' title='bbox 506 251 736 304; x_wconf 82' lang='grc' dir='ltr'><strong><em>φερόντων</em></strong></span> <span class='ocrx_word' id='word_1_6' title='bbox 769 250 936 304; x_wconf 80' lang='grc' dir='ltr'><em>μόχθος</em></span> <span class='ocrx_word' id='word_1_7' title='bbox 969 245 1302 303; x_wconf 77' lang='grc' dir='ltr'><em>ἀργυρηλάτους</em></span> 
     </span>
    </p>

    <p class='ocr_par' dir='ltr' id='par_1_3' title="bbox 331 317 1391 375">
     <span class='ocr_line' id='line_1_3' title="bbox 331 317 1391 375; baseline -0.004 -13"><span class='ocrx_word' id='word_1_8' title='bbox 331 319 517 375; x_wconf 77' lang='grc' dir='ltr'><em>χρυσέας</em></span> <span class='ocrx_word' id='word_1_9' title='bbox 549 336 592 362; x_wconf 87' lang='grc' dir='ltr'><em>τε</em></span> <span class='ocrx_word' id='word_1_10' title='bbox 625 320 801 375; x_wconf 79' lang='grc' dir='ltr'><em>φιάλας·</em></span> <span class='ocrx_word' id='word_1_11' title='bbox 836 319 858 361; x_wconf 84' lang='grc' dir='ltr'><strong>ὃ</strong></span> <span class='ocrx_word' id='word_1_12' title='bbox 893 317 939 361; x_wconf 76' lang='grc' dir='ltr'><em>δὲ</em></span> <span class='ocrx_word' id='word_1_13' title='bbox 973 320 1122 373; x_wconf 88' lang='grc' dir='ltr'><em>λαβὼν</em></span> <span class='ocrx_word' id='word_1_14' title='bbox 1154 319 1391 372; x_wconf 80' lang='grc' dir='ltr'><em>ἐξαίρετον,</em></span> 
     </span>
    </p>

    <p class='ocr_par' dir='ltr' id='par_1_4' title="bbox 326 388 1262 447">
     <span class='ocr_line' id='line_1_4' title="bbox 326 388 1262 447; baseline -0.001 -15"><span class='ocrx_word' id='word_1_15' title='bbox 326 391 384 440; x_wconf 85' lang='grc' dir='ltr'><em>ὡς</em></span> <span class='ocrx_word' id='word_1_16' title='bbox 415 397 474 447; x_wconf 82' lang='grc' dir='ltr'><em>τῷ</em></span> <span class='ocrx_word' id='word_1_17' title='bbox 508 390 592 447; x_wconf 84' lang='grc' dir='ltr'><em>νέῳ</em></span> <span class='ocrx_word' id='word_1_18' title='bbox 627 392 680 445; x_wconf 86' lang='grc' dir='ltr'><em>δὴ</em></span> <span class='ocrx_word' id='word_1_19' title='bbox 715 392 902 446; x_wconf 76' lang='grc' dir='ltr'><em>δεσπότῃ</em></span> <span class='ocrx_word' id='word_1_20' title='bbox 935 388 1067 445; x_wconf 74' lang='grc' dir='ltr'><em>χάριν</em></span> <span class='ocrx_word' id='word_1_21' title='bbox 1099 388 1262 444; x_wconf 88' lang='grc' dir='ltr'><em>φέρων,</em></span> 
     </span>
    </p>

    <p class='ocr_par' dir='ltr' id='par_1_5' title="bbox 328 458 1285 517">
     <span class='ocr_line' id='line_1_5' title="bbox 328 458 1285 517; baseline -0.001 -15"><span class='ocrx_word' id='word_1_22' title='bbox 328 462 462 503; x_wconf 77' lang='grc' dir='ltr'><em>ἔδωκε</em></span> <span class='ocrx_word' id='word_1_23' title='bbox 494 466 655 517; x_wconf 82' lang='grc' dir='ltr'><em>πλῆρες</em></span> <span class='ocrx_word' id='word_1_24' title='bbox 686 468 850 516; x_wconf 88' lang='grc' dir='ltr'><em>τεῦχος,</em></span> <span class='ocrx_word' id='word_1_25' title='bbox 885 463 946 511; x_wconf 82' lang='grc' dir='ltr'><em>εἰς</em></span> <span class='ocrx_word' id='word_1_26' title='bbox 978 458 1104 503; x_wconf 80' lang='grc' dir='ltr'><em>οἶνον</em></span> <span class='ocrx_word' id='word_1_27' title='bbox 1137 461 1285 515; x_wconf 86' lang='grc' dir='ltr'><em>βαλὼν</em></span> 
     </span>
    </p>

    <p class='ocr_par' dir='ltr' id='par_1_6' title="bbox 324 531 1638 656">
     <span class='ocr_line' id='line_1_6' title="bbox 324 531 1638 587; baseline -0.002 -14"><span class='ocrx_word' id='word_1_28' title='bbox 324 531 346 573; x_wconf 85' lang='grc' dir='ltr'>ὅ</span> <span class='ocrx_word' id='word_1_29' title='bbox 380 544 489 586; x_wconf 91' lang='grc' dir='ltr'><em>φησι</em></span> <span class='ocrx_word' id='word_1_30' title='bbox 522 533 681 575; x_wconf 89' lang='grc' dir='ltr'><em>δοῦναι</em></span> <span class='ocrx_word' id='word_1_31' title='bbox 713 531 949 587; x_wconf 74' lang='grc' dir='ltr'><em>φάρμακον</em></span> <span class='ocrx_word' id='word_1_32' title='bbox 982 532 1250 586; x_wconf 88' lang='grc' dir='ltr'><em>δραστήριον</em></span> <span class='ocrx_word' id='word_1_33' title='bbox 1549 540 1638 570; x_wconf 78' lang='grc'><strong>1185</strong></span> 
     </span>
     <span class='ocr_line' id='line_1_7' title="bbox 324 600 1356 656; baseline -0.001 -12"><span class='ocrx_word' id='word_1_34' title='bbox 324 602 578 656; x_wconf 79' lang='grc' dir='ltr'><em>δέσποιναν,</em></span> <span class='ocrx_word' id='word_1_35' title='bbox 611 604 669 653; x_wconf 82' lang='grc' dir='ltr'><em>ὡς</em></span> <span class='ocrx_word' id='word_1_36' title='bbox 700 610 802 653; x_wconf 83' lang='grc' dir='ltr'><em>παῖς</em></span> <span class='ocrx_word' id='word_1_37' title='bbox 835 603 856 644; x_wconf 86' lang='grc' dir='ltr'>ὁ</span> <span class='ocrx_word' id='word_1_38' title='bbox 889 603 989 653; x_wconf 83' lang='grc' dir='ltr'><em>νέος</em></span> <span class='ocrx_word' id='word_1_39' title='bbox 1021 603 1189 644; x_wconf 84' lang='grc' dir='ltr'><strong><em>ἐκλίποι</em></strong></span> <span class='ocrx_word' id='word_1_40' title='bbox 1222 600 1356 656; x_wconf 80' lang='grc' dir='ltr'><em>φάος·</em></span> 
     </span>
    </p>

    <p class='ocr_par' dir='ltr' id='par_1_7' title="bbox 324 670 1349 730">
     <span class='ocr_line' id='line_1_8' title="bbox 324 670 1349 730; baseline -0.002 -14"><span class='ocrx_word' id='word_1_41' title='bbox 324 672 499 724; x_wconf 83' lang='grc' dir='ltr'><em>κούδεὶς</em></span> <span class='ocrx_word' id='word_1_42' title='bbox 529 672 625 716; x_wconf 82' lang='grc' dir='ltr'><em>τάδ’</em></span> <span class='ocrx_word' id='word_1_43' title='bbox 663 673 800 730; x_wconf 76' lang='grc' dir='ltr'><em>ᾔδειν.</em></span> <span class='ocrx_word' id='word_1_44' title='bbox 864 673 911 715; x_wconf 80' lang='grc' dir='ltr'><em>ἐν</em></span> <span class='ocrx_word' id='word_1_45' title='bbox 942 681 1092 728; x_wconf 81' lang='grc' dir='ltr'><em>χεροῖν</em></span> <span class='ocrx_word' id='word_1_46' title='bbox 1124 675 1268 727; x_wconf 81' lang='grc' dir='ltr'><em>ἔχοντι</em></span> <span class='ocrx_word' id='word_1_47' title='bbox 1301 670 1349 714; x_wconf 74' lang='grc' dir='ltr'><em>δὲ</em></span> 
     </span>
    </p>

    <p class='ocr_par' dir='ltr' id='par_1_8' title="bbox 325 742 1318 800">
     <span class='ocr_line' id='line_1_9' title="bbox 325 742 1318 800; baseline -0.003 -13"><span class='ocrx_word' id='word_1_48' title='bbox 325 746 519 794; x_wconf 83' lang='grc' dir='ltr'><em>σπονδὰς</em></span> <span class='ocrx_word' id='word_1_49' title='bbox 550 742 642 799; x_wconf 87' lang='grc' dir='ltr'><em>μετ’</em></span> <span class='ocrx_word' id='word_1_50' title='bbox 678 745 824 787; x_wconf 77' lang='grc' dir='ltr'><em>ἄλλων</em></span> <span class='ocrx_word' id='word_1_51' title='bbox 856 742 980 786; x_wconf 84' lang='grc' dir='ltr'><em>παιδὶ</em></span> <span class='ocrx_word' id='word_1_52' title='bbox 1011 750 1071 800; x_wconf 75' lang='grc' dir='ltr'><em>τῷ</em></span> <span class='ocrx_word' id='word_1_53' title='bbox 1103 745 1318 798; x_wconf 84' lang='grc' dir='ltr'><em>πεφηνότι</em></span> 
     </span>
    </p>

    <p class='ocr_par' dir='ltr' id='par_1_9' title="bbox 328 813 1219 871">
     <span class='ocr_line' id='line_1_10' title="bbox 328 813 1219 871; baseline -0.002 -14"><span class='ocrx_word' id='word_1_54' title='bbox 328 818 613 871; x_wconf 79' lang='grc' dir='ltr'><em>βλασφημίαν</em></span> <span class='ocrx_word' id='word_1_55' title='bbox 644 831 709 865; x_wconf 90' lang='grc' dir='ltr'><em>τις</em></span> <span class='ocrx_word' id='word_1_56' title='bbox 740 816 922 858; x_wconf 84' lang='grc' dir='ltr'><em>οἰκετῶν</em></span> <span class='ocrx_word' id='word_1_57' title='bbox 955 813 1219 868; x_wconf 83' lang='grc' dir='ltr'><em>ἐφθέγξατο·</em></span> 
     </span>
    </p>

    <p class='ocr_par' dir='ltr' id='par_1_10' title="bbox 324 883 1639 1000">
     <span class='ocr_line' id='line_1_11' title="bbox 328 883 1639 943; baseline -0.002 -15"><span class='ocrx_word' id='word_1_58' title='bbox 328 886 349 928; x_wconf 90' lang='grc' dir='ltr'><strong>ὃ</strong></span> <span class='ocrx_word' id='word_1_59' title='bbox 385 885 443 940; x_wconf 91' lang='grc' dir='ltr'><em>δ’,</em></span> <span class='ocrx_word' id='word_1_60' title='bbox 475 886 534 936; x_wconf 85' lang='grc' dir='ltr'><em>ὡς</em></span> <span class='ocrx_word' id='word_1_61' title='bbox 565 886 612 928; x_wconf 83' lang='grc' dir='ltr'><em>ἐν</em></span> <span class='ocrx_word' id='word_1_62' title='bbox 647 887 748 943; x_wconf 78' lang='grc' dir='ltr'><em>ἱερῷ</em></span> <span class='ocrx_word' id='word_1_63' title='bbox 779 885 989 941; x_wconf 83' lang='grc' dir='ltr'><em>μάντεσίν</em></span> <span class='ocrx_word' id='word_1_64' title='bbox 1021 884 1058 926; x_wconf 89' lang='grc' dir='ltr'><em>τ’</em></span> <span class='ocrx_word' id='word_1_65' title='bbox 1096 883 1258 936; x_wconf 84' lang='grc' dir='ltr'><em>ἐσθλὸς</em></span> <span class='ocrx_word' id='word_1_66' title='bbox 1289 887 1484 941; x_wconf 88' lang='grc' dir='ltr'><em>τραφείς,</em></span> <span class='ocrx_word' id='word_1_67' title='bbox 1550 896 1639 926; x_wconf 81' lang='grc'><strong>1190</strong></span> 
     </span>
     <span class='ocr_line' id='line_1_12' title="bbox 324 954 1215 1000; baseline -0.001 -1"><span class='ocrx_word' id='word_1_68' title='bbox 324 954 488 1000; x_wconf 78' lang='grc' dir='ltr'><em>οἰωνὸν</em></span> <span class='ocrx_word' id='word_1_69' title='bbox 521 959 649 1000; x_wconf 78' lang='grc' dir='ltr'><em>ἔθετο</em></span> <span class='ocrx_word' id='word_1_70' title='bbox 681 954 906 1000; x_wconf 83' lang='grc' dir='ltr'><em>κάκέλευσ’</em></span> <span class='ocrx_word' id='word_1_71' title='bbox 943 958 1078 999; x_wconf 80' lang='grc' dir='ltr'><em>ἄλλον</em></span> <span class='ocrx_word' id='word_1_72' title='bbox 1110 956 1215 999; x_wconf 88' lang='grc' dir='ltr'><em>νέον</em></span> 
     </span>
    </p>

    <p class='ocr_par' dir='ltr' id='par_1_11' title="bbox 322 1026 1464 1156">
     <span class='ocr_line' id='line_1_13' title="bbox 322 1026 1464 1083; baseline -0.002 -13"><span class='ocrx_word' id='word_1_73' title='bbox 322 1034 516 1083; x_wconf 81' lang='grc' dir='ltr'><em>κρατῆρα</em></span> <span class='ocrx_word' id='word_1_74' title='bbox 548 1033 766 1083; x_wconf 80' lang='grc' dir='ltr'><em>πληροῦν·</em></span> <span class='ocrx_word' id='word_1_75' title='bbox 799 1029 874 1079; x_wconf 83' lang='grc' dir='ltr'><em>τὰς</em></span> <span class='ocrx_word' id='word_1_76' title='bbox 907 1027 953 1070; x_wconf 77' lang='grc' dir='ltr'><em>δὲ</em></span> <span class='ocrx_word' id='word_1_77' title='bbox 986 1026 1091 1082; x_wconf 80' lang='grc' dir='ltr'><em>πρὶν</em></span> <span class='ocrx_word' id='word_1_78' title='bbox 1125 1028 1319 1077; x_wconf 84' lang='grc' dir='ltr'><em>σπονδὰς</em></span> <span class='ocrx_word' id='word_1_79' title='bbox 1352 1032 1464 1069; x_wconf 83' lang='grc' dir='ltr'><em>θεοῦ</em></span> 
     </span>
     <span class='ocr_line' id='line_1_14' title="bbox 324 1098 1288 1156; baseline -0.001 -15"><span class='ocrx_word' id='word_1_80' title='bbox 324 1100 480 1142; x_wconf 87' lang='grc' dir='ltr'><em>δίδωσι</em></span> <span class='ocrx_word' id='word_1_81' title='bbox 513 1102 629 1156; x_wconf 77' lang='grc' dir='ltr'><em>γαίᾳ,</em></span> <span class='ocrx_word' id='word_1_82' title='bbox 661 1101 772 1141; x_wconf 83' lang='grc' dir='ltr'><em>πᾶσί</em></span> <span class='ocrx_word' id='word_1_83' title='bbox 798 1098 834 1142; x_wconf 85' lang='grc' dir='ltr'><em>τ’</em></span> <span class='ocrx_word' id='word_1_84' title='bbox 873 1098 1129 1142; x_wconf 82' lang='grc' dir='ltr'><em>ἐκσπένδειν</em></span> <span class='ocrx_word' id='word_1_85' title='bbox 1162 1098 1288 1153; x_wconf 88' lang='grc' dir='ltr'><em>λέγει.</em></span> 
     </span>
    </p>

    <p class='ocr_par' dir='ltr' id='par_1_12' title="bbox 322 1168 1638 1370">
     <span class='ocr_line' id='line_1_15' title="bbox 322 1168 1437 1225; baseline -0.001 -13"><span class='ocrx_word' id='word_1_86' title='bbox 322 1171 423 1225; x_wconf 88' lang='grc' dir='ltr'><em>σιγὴ</em></span> <span class='ocrx_word' id='word_1_87' title='bbox 457 1168 495 1212; x_wconf 89' lang='grc' dir='ltr'><em>δ’</em></span> <span class='ocrx_word' id='word_1_88' title='bbox 532 1171 746 1225; x_wconf 80' lang='grc' dir='ltr'><em>ὑπῆλθεν.</em></span> <span class='ocrx_word' id='word_1_89' title='bbox 810 1170 856 1213; x_wconf 79' lang='grc' dir='ltr'><em>ἐκ</em></span> <span class='ocrx_word' id='word_1_90' title='bbox 889 1168 930 1212; x_wconf 91' lang='grc' dir='ltr'><em>δ’</em></span> <span class='ocrx_word' id='word_1_91' title='bbox 967 1170 1237 1225; x_wconf 83' lang='grc' dir='ltr'><em>ἐπίμπλαμεν</em></span> <span class='ocrx_word' id='word_1_92' title='bbox 1271 1171 1437 1225; x_wconf 84' lang='grc' dir='ltr'><em>δρόσου</em></span> 
     </span>
     <span class='ocr_line' id='line_1_16' title="bbox 324 1242 1638 1297; baseline -0.002 -14"><span class='ocrx_word' id='word_1_93' title='bbox 324 1248 541 1296; x_wconf 79' lang='grc' dir='ltr'><em>κρατῆρας</em></span> <span class='ocrx_word' id='word_1_94' title='bbox 574 1243 691 1297; x_wconf 76' lang='grc' dir='ltr'><em>ἱερᾶς</em></span> <span class='ocrx_word' id='word_1_95' title='bbox 723 1244 950 1296; x_wconf 85' lang='grc' dir='ltr'><em>Βυβλίνου</em></span> <span class='ocrx_word' id='word_1_96' title='bbox 981 1257 1026 1283; x_wconf 89' lang='grc' dir='ltr'><em>τε</em></span> <span class='ocrx_word' id='word_1_97' title='bbox 1058 1242 1272 1296; x_wconf 87' lang='grc' dir='ltr'><em>πώματος.</em></span> <span class='ocrx_word' id='word_1_98' title='bbox 1549 1253 1638 1282; x_wconf 69' lang='grc'><strong>1195</strong></span> 
     </span>
     <span class='ocr_line' id='line_1_17' title="bbox 324 1311 1345 1370; baseline 0 -16"><span class='ocrx_word' id='word_1_99' title='bbox 324 1313 405 1354; x_wconf 88' lang='grc' dir='ltr'><em>κάν</em></span> <span class='ocrx_word' id='word_1_100' title='bbox 436 1314 548 1370; x_wconf 79' lang='grc' dir='ltr'><em>τῷδε</em></span> <span class='ocrx_word' id='word_1_101' title='bbox 580 1314 734 1370; x_wconf 82' lang='grc' dir='ltr'><em>μόχθῳ</em></span> <span class='ocrx_word' id='word_1_102' title='bbox 767 1311 931 1368; x_wconf 79' lang='grc' dir='ltr'><em>πτηνὸς</em></span> <span class='ocrx_word' id='word_1_103' title='bbox 964 1313 1158 1355; x_wconf 83' lang='grc' dir='ltr'><em>ἐσπίπτει</em></span> <span class='ocrx_word' id='word_1_104' title='bbox 1193 1313 1345 1368; x_wconf 90' lang='grc' dir='ltr'><em>δόμοις</em></span> 
     </span>
    </p>

    <p class='ocr_par' dir='ltr' id='par_1_13' title="bbox 327 1383 1286 1439">
     <span class='ocr_line' id='line_1_18' title="bbox 327 1383 1286 1439; baseline 0.001 -14"><span class='ocrx_word' id='word_1_105' title='bbox 327 1391 470 1439; x_wconf 81' lang='grc' dir='ltr'><em>κῶμος</em></span> <span class='ocrx_word' id='word_1_106' title='bbox 501 1388 704 1426; x_wconf 84' lang='grc' dir='ltr'><em>πελειῶν·</em></span> <span class='ocrx_word' id='word_1_107' title='bbox 738 1384 903 1435; x_wconf 85' lang='grc' dir='ltr'><em>Λοξίου</em></span> <span class='ocrx_word' id='word_1_108' title='bbox 935 1385 1019 1438; x_wconf 80' lang='grc' dir='ltr'><em>γὰρ</em></span> <span class='ocrx_word' id='word_1_109' title='bbox 1053 1383 1100 1426; x_wconf 81' lang='grc' dir='ltr'><em>ἐν</em></span> <span class='ocrx_word' id='word_1_110' title='bbox 1134 1385 1286 1438; x_wconf 91' lang='grc' dir='ltr'><em>δόμοις</em></span> 
     </span>
    </p>

    <p class='ocr_par' dir='ltr' id='par_1_14' title="bbox 327 1451 1367 1509">
     <span class='ocr_line' id='line_1_19' title="bbox 327 1451 1367 1509; baseline -0.001 -12"><span class='ocrx_word' id='word_1_111' title='bbox 327 1456 510 1509; x_wconf 78' lang='grc' dir='ltr'><em>ἄτρεστα</em></span> <span class='ocrx_word' id='word_1_112' title='bbox 542 1452 740 1497; x_wconf 90' lang='grc' dir='ltr'><em>ναίουσ’·</em></span> <span class='ocrx_word' id='word_1_113' title='bbox 773 1455 831 1505; x_wconf 82' lang='grc' dir='ltr'><em>ὡς</em></span> <span class='ocrx_word' id='word_1_114' title='bbox 863 1451 903 1497; x_wconf 88' lang='grc' dir='ltr'><em>δ’</em></span> <span class='ocrx_word' id='word_1_115' title='bbox 939 1453 1205 1498; x_wconf 87' lang='grc' dir='ltr'><em>ἀπέσπεισαν</em></span> <span class='ocrx_word' id='word_1_116' title='bbox 1237 1454 1367 1509; x_wconf 83' lang='grc' dir='ltr'><em>μέθυ,</em></span> 
     </span>
    </p>

    <p class='ocr_par' dir='ltr' id='par_1_15' title="bbox 324 1523 1188 1582">
     <span class='ocr_line' id='line_1_20' title="bbox 324 1523 1188 1582; baseline 0 -15"><span class='ocrx_word' id='word_1_117' title='bbox 324 1525 367 1576; x_wconf 86' lang='grc' dir='ltr'><em>ἐς</em></span> <span class='ocrx_word' id='word_1_118' title='bbox 399 1523 505 1568; x_wconf 86' lang='grc' dir='ltr'><em>αὐτὸ</em></span> <span class='ocrx_word' id='word_1_119' title='bbox 540 1528 660 1582; x_wconf 88' lang='grc' dir='ltr'><em>χείλη</em></span> <span class='ocrx_word' id='word_1_120' title='bbox 693 1526 896 1581; x_wconf 84' lang='grc' dir='ltr'><em>πώματος</em></span> <span class='ocrx_word' id='word_1_121' title='bbox 926 1525 1188 1581; x_wconf 85' lang='grc' dir='ltr'><em>κεχρημέναι</em></span> 
     </span>
    </p>

    <p class='ocr_par' dir='ltr' id='par_1_16' title="bbox 322 1591 1640 1722">
     <span class='ocr_line' id='line_1_21' title="bbox 322 1591 1640 1652; baseline -0.001 -14"><span class='ocrx_word' id='word_1_122' title='bbox 322 1600 539 1651; x_wconf 81' lang='grc' dir='ltr'><em>καθῆκαν,</em></span> <span class='ocrx_word' id='word_1_123' title='bbox 572 1591 719 1638; x_wconf 84' lang='grc' dir='ltr'><em>εἷλκον</em></span> <span class='ocrx_word' id='word_1_124' title='bbox 752 1594 792 1638; x_wconf 84' lang='grc' dir='ltr'><em>δ’</em></span> <span class='ocrx_word' id='word_1_125' title='bbox 830 1595 1068 1652; x_wconf 78' lang='grc' dir='ltr'><em>εὐπτέρους</em></span> <span class='ocrx_word' id='word_1_126' title='bbox 1101 1597 1142 1646; x_wconf 82' lang='grc' dir='ltr'><em>ἐς</em></span> <span class='ocrx_word' id='word_1_127' title='bbox 1173 1595 1369 1651; x_wconf 85' lang='grc' dir='ltr'><em>αὐχένας.</em></span> <span class='ocrx_word' id='word_1_128' title='bbox 1549 1606 1640 1637; x_wconf 88' lang='grc'><strong>1200</strong></span> 
     </span>
     <span class='ocr_line' id='line_1_22' title="bbox 325 1664 1420 1722; baseline -0.002 -12"><span class='ocrx_word' id='word_1_129' title='bbox 325 1667 397 1710; x_wconf 86' lang='grc' dir='ltr'><em>καὶ</em></span> <span class='ocrx_word' id='word_1_130' title='bbox 430 1675 523 1717; x_wconf 84' lang='grc' dir='ltr'><em>ταῖς</em></span> <span class='ocrx_word' id='word_1_131' title='bbox 555 1665 635 1722; x_wconf 74' lang='grc' dir='ltr'><em>μὲν</em></span> <span class='ocrx_word' id='word_1_132' title='bbox 667 1668 819 1716; x_wconf 77' lang='grc' dir='ltr'><em>ἄλλαις</em></span> <span class='ocrx_word' id='word_1_133' title='bbox 850 1668 1011 1717; x_wconf 78' lang='grc' dir='ltr'><em>ἄνοσος</em></span> <span class='ocrx_word' id='word_1_134' title='bbox 1043 1664 1097 1722; x_wconf 81' lang='grc' dir='ltr'><em>ἧν</em></span> <span class='ocrx_word' id='word_1_135' title='bbox 1131 1668 1257 1721; x_wconf 86' lang='grc' dir='ltr'><em>λοιβὴ</em></span> <span class='ocrx_word' id='word_1_136' title='bbox 1289 1671 1420 1709; x_wconf 86' lang='grc' dir='ltr'><em>θεοῦ·</em></span> 
     </span>
    </p>

    <p class='ocr_par' dir='ltr' id='par_1_17' title="bbox 325 1736 1356 1793">
     <span class='ocr_line' id='line_1_23' title="bbox 325 1736 1356 1793; baseline -0.001 -12"><span class='ocrx_word' id='word_1_137' title='bbox 325 1739 351 1793; x_wconf 81' lang='grc' dir='ltr'><em>ἢ</em></span> <span class='ocrx_word' id='word_1_138' title='bbox 385 1736 426 1781; x_wconf 90' lang='grc' dir='ltr'><em>δ’</em></span> <span class='ocrx_word' id='word_1_139' title='bbox 464 1737 566 1790; x_wconf 79' lang='grc' dir='ltr'><em>ἕζετ’</em></span> <span class='ocrx_word' id='word_1_140' title='bbox 605 1737 702 1781; x_wconf 83' lang='grc' dir='ltr'><em>ἔνθ’</em></span> <span class='ocrx_word' id='word_1_141' title='bbox 739 1738 761 1781; x_wconf 90' lang='grc' dir='ltr'>ὁ</span> <span class='ocrx_word' id='word_1_142' title='bbox 794 1739 946 1788; x_wconf 86' lang='grc' dir='ltr'><em>καινὸς</em></span> <span class='ocrx_word' id='word_1_143' title='bbox 978 1740 1179 1780; x_wconf 81' lang='grc' dir='ltr'><em>ἔσπεισεν</em></span> <span class='ocrx_word' id='word_1_144' title='bbox 1210 1740 1356 1792; x_wconf 88' lang='grc' dir='ltr'><em>γόνος,</em></span> 
     </span>
    </p>

    <p class='ocr_par' dir='ltr' id='par_1_18' title="bbox 326 1804 1366 1864">
     <span class='ocr_line' id='line_1_24' title="bbox 326 1804 1366 1864; baseline -0.001 -12"><span class='ocrx_word' id='word_1_145' title='bbox 326 1815 464 1852; x_wconf 90' lang='grc' dir='ltr'><em>ποτοῦ</em></span> <span class='ocrx_word' id='word_1_146' title='bbox 494 1805 531 1850; x_wconf 89' lang='grc' dir='ltr'><em>τ’</em></span> <span class='ocrx_word' id='word_1_147' title='bbox 568 1804 781 1864; x_wconf 84' lang='grc' dir='ltr'><em>ἐγεύσατ’,</em></span> <span class='ocrx_word' id='word_1_148' title='bbox 815 1809 953 1858; x_wconf 89' lang='grc' dir='ltr'><em>εὐθὺς</em></span> <span class='ocrx_word' id='word_1_149' title='bbox 987 1809 1200 1864; x_wconf 81' lang='grc' dir='ltr'><em>εὔπτερον</em></span> <span class='ocrx_word' id='word_1_150' title='bbox 1231 1808 1366 1864; x_wconf 87' lang='grc' dir='ltr'><em>δέμας</em></span> 
     </span>
    </p>

    <p class='ocr_par' dir='ltr' id='par_1_19' title="bbox 323 1876 1283 1936">
     <span class='ocr_line' id='line_1_25' title="bbox 323 1876 1283 1936; baseline -0.001 -13"><span class='ocrx_word' id='word_1_151' title='bbox 323 1883 463 1923; x_wconf 83' lang='grc' dir='ltr'><em>ἔσεισε</em></span> <span class='ocrx_word' id='word_1_152' title='bbox 494 1880 805 1936; x_wconf 79' lang='grc' dir='ltr'><em>κάβάκχευσεν,</em></span> <span class='ocrx_word' id='word_1_153' title='bbox 839 1880 885 1922; x_wconf 84' lang='grc' dir='ltr'><em>ἐκ</em></span> <span class='ocrx_word' id='word_1_154' title='bbox 917 1879 957 1922; x_wconf 89' lang='grc' dir='ltr'><em>δ’</em></span> <span class='ocrx_word' id='word_1_155' title='bbox 994 1876 1162 1934; x_wconf 80' lang='grc' dir='ltr'><em>ἔκλαγξ’</em></span> <span class='ocrx_word' id='word_1_156' title='bbox 1199 1881 1283 1922; x_wconf 79' lang='grc' dir='ltr'><em>ὄπα</em></span> 
     </span>
    </p>

    <p class='ocr_par' dir='ltr' id='par_1_20' title="bbox 324 1949 1639 2077">
     <span class='ocr_line' id='line_1_26' title="bbox 325 1949 1639 2006; baseline -0.002 -12"><span class='ocrx_word' id='word_1_157' title='bbox 325 1952 538 2003; x_wconf 83' lang='grc' dir='ltr'><em>ὀξύτονον</em></span> <span class='ocrx_word' id='word_1_158' title='bbox 571 1950 789 2003; x_wconf 81' lang='grc' dir='ltr'><em>αἰάζουσ’·</em></span> <span class='ocrx_word' id='word_1_159' title='bbox 822 1950 1076 2006; x_wconf 77' lang='grc' dir='ltr'><em>ἐθάμβησεν</em></span> <span class='ocrx_word' id='word_1_160' title='bbox 1109 1949 1157 1993; x_wconf 77' lang='grc' dir='ltr'><em>δὲ</em></span> <span class='ocrx_word' id='word_1_161' title='bbox 1188 1957 1272 2000; x_wconf 85' lang='grc' dir='ltr'><em>πᾶς</em></span> <span class='ocrx_word' id='word_1_162' title='bbox 1550 1961 1639 1991; x_wconf 79' lang='grc'><strong>1205</strong></span> 
     </span>
     <span class='ocr_line' id='line_1_27' title="bbox 324 2022 1214 2077; baseline -0.002 -12"><span class='ocrx_word' id='word_1_163' title='bbox 324 2024 606 2077; x_wconf 86' lang='grc' dir='ltr'><em>θοινατόρων</em></span> <span class='ocrx_word' id='word_1_164' title='bbox 639 2022 790 2077; x_wconf 83' lang='grc' dir='ltr'><em>ὅμιλος</em></span> <span class='ocrx_word' id='word_1_165' title='bbox 822 2023 1006 2077; x_wconf 79' lang='grc' dir='ltr'><em>ὄρνιθος</em></span> <span class='ocrx_word' id='word_1_166' title='bbox 1037 2023 1214 2071; x_wconf 88' lang='grc' dir='ltr'><em>πόνους.</em></span> 
     </span>
    </p>

    <p class='ocr_par' dir='ltr' id='par_1_21' title="bbox 327 2089 1360 2150">
     <span class='ocr_line' id='line_1_28' title="bbox 327 2089 1360 2150; baseline -0.001 -14"><span class='ocrx_word' id='word_1_167' title='bbox 327 2092 514 2150; x_wconf 81' lang='grc' dir='ltr'><em>θνῄσκει</em></span> <span class='ocrx_word' id='word_1_168' title='bbox 547 2089 586 2135; x_wconf 89' lang='grc' dir='ltr'><em>δ’</em></span> <span class='ocrx_word' id='word_1_169' title='bbox 623 2093 977 2148; x_wconf 85' lang='grc' dir='ltr'><em>ἀπασπαίρουσα,</em></span> <span class='ocrx_word' id='word_1_170' title='bbox 1011 2096 1360 2148; x_wconf 82' lang='grc' dir='ltr'><em>φοινικοσκελεῖς</em></span> 
     </span>
    </p>

    <p class='ocr_par' dir='ltr' id='par_1_22' title="bbox 325 2162 1397 2221">
     <span class='ocr_line' id='line_1_29' title="bbox 325 2162 1397 2221; baseline -0.001 -14"><span class='ocrx_word' id='word_1_171' title='bbox 325 2166 459 2221; x_wconf 83' lang='grc' dir='ltr'><em>χηλὰς</em></span> <span class='ocrx_word' id='word_1_172' title='bbox 489 2171 687 2219; x_wconf 84' lang='grc' dir='ltr'><em>παρεῖσα.</em></span> <span class='ocrx_word' id='word_1_173' title='bbox 749 2165 894 2218; x_wconf 88' lang='grc' dir='ltr'><em>γυμνὰ</em></span> <span class='ocrx_word' id='word_1_174' title='bbox 928 2162 967 2206; x_wconf 86' lang='grc' dir='ltr'><em>δ’</em></span> <span class='ocrx_word' id='word_1_175' title='bbox 1003 2163 1049 2206; x_wconf 83' lang='grc' dir='ltr'><em>ἐκ</em></span> <span class='ocrx_word' id='word_1_176' title='bbox 1080 2163 1258 2206; x_wconf 84' lang='grc' dir='ltr'><em>πέπλων</em></span> <span class='ocrx_word' id='word_1_177' title='bbox 1290 2163 1397 2219; x_wconf 88' lang='grc' dir='ltr'><em>μέλη</em></span> 
     </span>
    </p>
   </div>
   <div class='ocr_carea' id='block_1_3' title="bbox 111 2297 1642 2980">
    <p class='ocr_par' dir='ltr' id='par_1_23' title="bbox 111 2297 1642 2664">
     <span class='ocr_line' id='line_1_30' title="bbox 207 2297 1546 2345; baseline -0.002 -11"><span class='ocrx_word' id='word_1_178' title='bbox 207 2303 296 2334; x_wconf 91' lang='grc'><strong>1181</strong></span> <span class='ocrx_word' id='word_1_179' title='bbox 336 2298 493 2345; x_wconf 84' lang='grc' dir='ltr'><em>μόχθος]</em></span> <span class='ocrx_word' id='word_1_180' title='bbox 532 2299 721 2342; x_wconf 84' lang='lat' dir='ltr'>Brodeau,</span> <span class='ocrx_word' id='word_1_181' title='bbox 761 2297 926 2344; x_wconf 86' lang='grc' dir='ltr'><em>μόχθους</em></span> <span class='ocrx_word' id='word_1_182' title='bbox 958 2299 1045 2342; x_wconf 88' lang='lat' dir='ltr'><em>LP,</em></span> <span class='ocrx_word' id='word_1_183' title='bbox 1084 2297 1227 2344; x_wconf 84' lang='grc' dir='ltr'><em>μόχθος</em></span> <span class='ocrx_word' id='word_1_184' title='bbox 1264 2300 1306 2332; x_wconf 79' lang='lat' dir='ltr'><em>ut</em></span> <span class='ocrx_word' id='word_1_185' title='bbox 1343 2298 1489 2332; x_wconf 81' lang='lat' dir='ltr'>videtur</span> <span class='ocrx_word' id='word_1_186' title='bbox 1518 2309 1546 2342; x_wconf 73' lang='lat' dir='ltr'><em>p</em></span> 
     </span>
     <span class='ocr_line' id='line_1_31' title="bbox 115 2349 1639 2399; baseline -0.002 -12"><span class='ocrx_word' id='word_1_187' title='bbox 115 2356 203 2387; x_wconf 79' lang='lat'>1185</span> <span class='ocrx_word' id='word_1_188' title='bbox 231 2354 336 2399; x_wconf 84' lang='grc' dir='ltr'><em>φησι]</em></span> <span class='ocrx_word' id='word_1_189' title='bbox 364 2352 426 2387; x_wconf 80' lang='lat' dir='ltr'><em>Ge.</em></span> <span class='ocrx_word' id='word_1_190' title='bbox 455 2352 622 2395; x_wconf 68' lang='lat' dir='ltr'>Sohund,</span> <span class='ocrx_word' id='word_1_191' title='bbox 659 2363 747 2396; x_wconf 87' lang='grc' dir='ltr'><em>φασι</em></span> <span class='ocrx_word' id='word_1_192' title='bbox 778 2353 856 2386; x_wconf 91' lang='lat' dir='ltr'><em>LP</em></span> <span class='ocrx_word' id='word_1_193' title='bbox 976 2355 1065 2386; x_wconf 82' lang='lat'>1187</span> <span class='ocrx_word' id='word_1_194' title='bbox 1094 2349 1214 2398; x_wconf 82' lang='grc' dir='ltr'><em>ᾔδειν]</em></span> <span class='ocrx_word' id='word_1_195' title='bbox 1241 2351 1410 2395; x_wconf 72' lang='lat' dir='ltr'>Pierson,</span> <span class='ocrx_word' id='word_1_196' title='bbox 1438 2349 1518 2398; x_wconf 80' lang='grc' dir='ltr'><em>ᾔδει</em></span> <span class='ocrx_word' id='word_1_197' title='bbox 1546 2352 1580 2384; x_wconf 89' lang='grc' dir='ltr'><em>Ρ</em></span> <span class='ocrx_word' id='word_1_198' title='bbox 1604 2353 1639 2384; x_wconf 78' lang='lat' dir='ltr'><em>et</em></span> 
     </span>
     <span class='ocr_line' id='line_1_32' title="bbox 111 2403 1548 2452; baseline -0.001 -12"><span class='ocrx_word' id='word_1_199' title='bbox 111 2408 250 2441; x_wconf 81' lang='lat' dir='ltr'>factum</span> <span class='ocrx_word' id='word_1_200' title='bbox 284 2418 326 2440; x_wconf 70' lang='lat' dir='ltr'><em>ox</em></span> <span class='ocrx_word' id='word_1_201' title='bbox 360 2404 430 2452; x_wconf 78' lang='grc' dir='ltr'><em>ᾔδη</em></span> <span class='ocrx_word' id='word_1_202' title='bbox 461 2407 510 2450; x_wconf 74' lang='lat' dir='ltr'><em>L,</em></span> <span class='ocrx_word' id='word_1_203' title='bbox 549 2403 648 2440; x_wconf 80' lang='grc' dir='ltr'><em>εἶδεν</em></span> <span class='ocrx_word' id='word_1_204' title='bbox 680 2405 903 2440; x_wconf 79' lang='lat' dir='ltr'>Herwerden</span> <span class='ocrx_word' id='word_1_205' title='bbox 927 2405 931 2451; x_wconf 60' lang='grc' dir='ltr'><strong>ι</strong></span> <span class='ocrx_word' id='word_1_206' title='bbox 954 2405 1093 2451; x_wconf 86' lang='grc' dir='ltr'><em>χεροῖν]</em></span> <span class='ocrx_word' id='word_1_207' title='bbox 1128 2404 1280 2448; x_wconf 78' lang='lat' dir='ltr'>Canter,</span> <span class='ocrx_word' id='word_1_208' title='bbox 1318 2405 1440 2450; x_wconf 75' lang='grc' dir='ltr'><em>χερσὶν</em></span> <span class='ocrx_word' id='word_1_209' title='bbox 1470 2404 1548 2438; x_wconf 84' lang='lat' dir='ltr'><em>LP</em></span> 
     </span>
     <span class='ocr_line' id='line_1_33' title="bbox 115 2457 1640 2504; baseline -0.002 -11"><span class='ocrx_word' id='word_1_210' title='bbox 115 2463 203 2494; x_wconf 81' lang='grc'><strong>1188</strong></span> <span class='ocrx_word' id='word_1_211' title='bbox 231 2459 331 2493; x_wconf 77' lang='lat' dir='ltr'>delet</span> <span class='ocrx_word' id='word_1_212' title='bbox 350 2460 387 2494; x_wconf 76' lang='lat' dir='ltr'><em>F.</em></span> <span class='ocrx_word' id='word_1_213' title='bbox 410 2460 477 2494; x_wconf 80' lang='lat' dir='ltr'><em>Gu.</em></span> <span class='ocrx_word' id='word_1_214' title='bbox 500 2458 669 2493; x_wconf 76' lang='lat' dir='ltr'>Schmidt</span> <span class='ocrx_word' id='word_1_215' title='bbox 745 2463 834 2493; x_wconf 86' lang='grc'><strong>1190</strong></span> <span class='ocrx_word' id='word_1_216' title='bbox 862 2457 1011 2503; x_wconf 83' lang='grc' dir='ltr'><em>μάντεσί</em></span> <span class='ocrx_word' id='word_1_217' title='bbox 1032 2459 1134 2504; x_wconf 66' lang='lat' dir='ltr'><em>LP!</em></span> <span class='ocrx_word' id='word_1_218' title='bbox 1159 2457 1304 2504; x_wconf 79' lang='grc' dir='ltr'><em>ἐσθλὸς]</em></span> <span class='ocrx_word' id='word_1_219' title='bbox 1332 2457 1467 2501; x_wconf 72' lang='lat' dir='ltr'>Naber,</span> <span class='ocrx_word' id='word_1_220' title='bbox 1495 2457 1640 2496; x_wconf 79' lang='grc' dir='ltr'><em>ἐσθλοῖς</em></span> 
     </span>
     <span class='ocr_line' id='line_1_34' title="bbox 113 2508 1640 2558; baseline -0.001 -12"><span class='ocrx_word' id='word_1_221' title='bbox 113 2512 192 2546; x_wconf 88' lang='lat' dir='ltr'><em>LP</em></span> <span class='ocrx_word' id='word_1_222' title='bbox 299 2516 388 2546; x_wconf 82' lang='lat'><em>1194</em></span> <span class='ocrx_word' id='word_1_223' title='bbox 416 2518 497 2557; x_wconf 85' lang='grc' dir='ltr'><em>σιγῆ</em></span> <span class='ocrx_word' id='word_1_224' title='bbox 524 2512 602 2546; x_wconf 78' lang='lat' dir='ltr'><em>LP</em></span> <span class='ocrx_word' id='word_1_225' title='bbox 712 2516 800 2545; x_wconf 84' lang='lat'>1195</span> <span class='ocrx_word' id='word_1_226' title='bbox 828 2512 943 2558; x_wconf 81' lang='grc' dir='ltr'><em>ἱερᾶς]</em></span> <span class='ocrx_word' id='word_1_227' title='bbox 970 2511 1122 2555; x_wconf 73' lang='lat' dir='ltr'>Reiske,</span> <span class='ocrx_word' id='word_1_228' title='bbox 1159 2511 1279 2554; x_wconf 75' lang='grc' dir='ltr'><em>ἱεροὺς</em></span> <span class='ocrx_word' id='word_1_229' title='bbox 1304 2511 1383 2545; x_wconf 88' lang='lat' dir='ltr'><em>LP</em></span> <span class='ocrx_word' id='word_1_230' title='bbox 1410 2512 1413 2555; x_wconf 90' lang='grc' dir='ltr'>Ι</span> <span class='ocrx_word' id='word_1_231' title='bbox 1444 2508 1640 2555; x_wconf 83' lang='grc' dir='ltr'><em>Βυβλίνου]</em></span> 
     </span>
     <span class='ocr_line' id='line_1_35' title="bbox 112 2562 1639 2611; baseline -0.001 -13"><span class='ocrx_word' id='word_1_232' title='bbox 112 2564 322 2608; x_wconf 80' lang='lat' dir='ltr'>Blomfield‚</span> <span class='ocrx_word' id='word_1_233' title='bbox 357 2564 523 2611; x_wconf 84' lang='grc' dir='ltr'><em>βιβλίνου</em></span> <span class='ocrx_word' id='word_1_234' title='bbox 550 2565 629 2600; x_wconf 87' lang='lat' dir='ltr'><em>LP</em></span> <span class='ocrx_word' id='word_1_235' title='bbox 749 2568 839 2599; x_wconf 87' lang='grc'><strong>1196</strong></span> <span class='ocrx_word' id='word_1_236' title='bbox 872 2563 1018 2610; x_wconf 86' lang='grc' dir='ltr'><em>μόχθου</em></span> <span class='ocrx_word' id='word_1_237' title='bbox 1044 2564 1239 2599; x_wconf 83' lang='lat' dir='ltr'>Kirchhoff</span> <span class='ocrx_word' id='word_1_238' title='bbox 1264 2566 1268 2608; x_wconf 86' lang='grc' dir='ltr'>Ι</span> <span class='ocrx_word' id='word_1_239' title='bbox 1297 2562 1434 2607; x_wconf 81' lang='grc' dir='ltr'><em>δόμους</em></span> <span class='ocrx_word' id='word_1_240' title='bbox 1459 2563 1639 2607; x_wconf 66' lang='lat' dir='ltr'>Badhan),</span> 
     </span>
     <span class='ocr_line' id='line_1_36' title="bbox 112 2615 1642 2664; baseline -0.001 -12"><span class='ocrx_word' id='word_1_241' title='bbox 112 2616 218 2664; x_wconf 78' lang='grc' dir='ltr'><em>στέγῃ</em></span> <span class='ocrx_word' id='word_1_242' title='bbox 244 2617 400 2661; x_wconf 80' lang='lat' dir='ltr'>Ritschl,</span> <span class='ocrx_word' id='word_1_243' title='bbox 427 2616 556 2662; x_wconf 86' lang='grc' dir='ltr'><em>δόμοις</em></span> <span class='ocrx_word' id='word_1_244' title='bbox 582 2628 600 2652; x_wconf 84' lang='lat' dir='ltr'>e</span> <span class='ocrx_word' id='word_1_245' title='bbox 627 2629 657 2652; x_wconf 77' lang='lat' dir='ltr'><em>V.</em></span> <span class='ocrx_word' id='word_1_246' title='bbox 685 2617 851 2662; x_wconf 81' lang='lat' dir='ltr'>proximo</span> <span class='ocrx_word' id='word_1_247' title='bbox 877 2620 998 2652; x_wconf 76' lang='lat' dir='ltr'>ortum</span> <span class='ocrx_word' id='word_1_248' title='bbox 1025 2617 1182 2660; x_wconf 76' lang='lat' dir='ltr'><strong>videtur,</strong></span> <span class='ocrx_word' id='word_1_249' title='bbox 1210 2617 1293 2651; x_wconf 73' lang='lat' dir='ltr'><strong>fort.</strong></span> <span class='ocrx_word' id='word_1_250' title='bbox 1322 2615 1505 2650; x_wconf 79' lang='grc' dir='ltr'><em>ἐσπίπτων</em></span> <span class='ocrx_word' id='word_1_251' title='bbox 1538 2622 1642 2659; x_wconf 84' lang='grc' dir='ltr'><em>κυρεῖ</em></span> 
     </span>
    </p>

    <p class='ocr_par' dir='ltr' id='par_1_24' title="bbox 113 2667 1639 2928">
     <span class='ocr_line' id='line_1_37' title="bbox 210 2667 1639 2717; baseline 0 -13"><span class='ocrx_word' id='word_1_252' title='bbox 210 2674 299 2705; x_wconf 83' lang='grc'><strong>1197</strong></span> <span class='ocrx_word' id='word_1_253' title='bbox 326 2671 462 2717; x_wconf 79' lang='grc' dir='ltr'><em>κῶμος]</em></span> <span class='ocrx_word' id='word_1_254' title='bbox 491 2670 574 2705; x_wconf 70' lang='lat' dir='ltr'>fort.</span> <span class='ocrx_word' id='word_1_255' title='bbox 603 2669 709 2714; x_wconf 78' lang='grc' dir='ltr'><em>ἑσμὸς</em></span> <span class='ocrx_word' id='word_1_256' title='bbox 821 2674 911 2705; x_wconf 88' lang='grc'><strong>1198</strong></span> <span class='ocrx_word' id='word_1_257' title='bbox 939 2671 1003 2716; x_wconf 87' lang='grc' dir='ltr'><em>ὡς]</em></span> <span class='ocrx_word' id='word_1_258' title='bbox 1031 2670 1114 2705; x_wconf 71' lang='lat' dir='ltr'>fort.</span> <span class='ocrx_word' id='word_1_259' title='bbox 1143 2667 1186 2704; x_wconf 81' lang='grc' dir='ltr'><em>οὗ</em></span> <span class='ocrx_word' id='word_1_260' title='bbox 1298 2673 1387 2703; x_wconf 87' lang='grc'><strong>1199</strong></span> <span class='ocrx_word' id='word_1_261' title='bbox 1415 2669 1451 2708; x_wconf 79' lang='grc' dir='ltr'><em>ἐς</em></span> <span class='ocrx_word' id='word_1_262' title='bbox 1477 2669 1566 2704; x_wconf 79' lang='grc' dir='ltr'><em>αὐτὸ</em></span> <span class='ocrx_word' id='word_1_263' title='bbox 1593 2670 1639 2712; x_wconf 88' lang='lat' dir='ltr'><em>L,</em></span> 
     </span>
     <span class='ocr_line' id='line_1_38' title="bbox 113 2722 1545 2768; baseline -0.002 -10"><span class='ocrx_word' id='word_1_264' title='bbox 113 2735 181 2758; x_wconf 85' lang='lat' dir='ltr'><em>om.</em></span> <span class='ocrx_word' id='word_1_265' title='bbox 210 2725 254 2767; x_wconf 85' lang='lat' dir='ltr'><em>P,</em></span> <span class='ocrx_word' id='word_1_266' title='bbox 281 2723 366 2758; x_wconf 80' lang='lat' dir='ltr'><strong>add.</strong></span> <span class='ocrx_word' id='word_1_267' title='bbox 400 2723 436 2757; x_wconf 89' lang='lat' dir='ltr'><em>in</em></span> <span class='ocrx_word' id='word_1_268' title='bbox 471 2734 585 2768; x_wconf 83' lang='lat' dir='ltr'><strong>marg.</strong></span> <span class='ocrx_word' id='word_1_269' title='bbox 608 2735 647 2767; x_wconf 79' lang='lat' dir='ltr'><em>p,</em></span> <span class='ocrx_word' id='word_1_270' title='bbox 679 2723 754 2763; x_wconf 81' lang='grc' dir='ltr'><em>κείς</em></span> <span class='ocrx_word' id='word_1_271' title='bbox 787 2723 880 2758; x_wconf 77' lang='grc' dir='ltr'><em>αὐτὰ</em></span> <span class='ocrx_word' id='word_1_272' title='bbox 907 2725 919 2758; x_wconf 82' lang='lat' dir='ltr'><em>l</em></span> <span class='ocrx_word' id='word_1_273' title='bbox 1053 2727 1142 2757; x_wconf 90' lang='grc'><strong>1200</strong></span> <span class='ocrx_word' id='word_1_274' title='bbox 1168 2725 1351 2757; x_wconf 79' lang='grc' dir='ltr'><em>καθεῖσαν</em></span> <span class='ocrx_word' id='word_1_275' title='bbox 1377 2722 1545 2756; x_wconf 82' lang='lat' dir='ltr'>Badham</span> 
     </span>
     <span class='ocr_line' id='line_1_39' title="bbox 116 2775 1638 2820; baseline -0.001 -9"><span class='ocrx_word' id='word_1_276' title='bbox 116 2780 204 2811; x_wconf 90' lang='grc'><strong>1201</strong></span> <span class='ocrx_word' id='word_1_277' title='bbox 233 2776 370 2811; x_wconf 81' lang='grc' dir='ltr'><em>ἄνοσον</em></span> <span class='ocrx_word' id='word_1_278' title='bbox 397 2776 440 2819; x_wconf 88' lang='lat' dir='ltr'><em>P,</em></span> <span class='ocrx_word' id='word_1_279' title='bbox 467 2776 600 2816; x_wconf 75' lang='grc' dir='ltr'><em>ἄνοσος</em></span> <span class='ocrx_word' id='word_1_280' title='bbox 621 2788 649 2820; x_wconf 76' lang='lat' dir='ltr'><em>p</em></span> <span class='ocrx_word' id='word_1_281' title='bbox 749 2779 837 2809; x_wconf 86' lang='grc'><strong>1202</strong></span> <span class='ocrx_word' id='word_1_282' title='bbox 865 2776 1003 2811; x_wconf 75' lang='grc' dir='ltr'><em>ἔσπεισε</em></span> <span class='ocrx_word' id='word_1_283' title='bbox 1025 2778 1070 2819; x_wconf 88' lang='lat' dir='ltr'><em>L,</em></span> <span class='ocrx_word' id='word_1_284' title='bbox 1097 2776 1261 2810; x_wconf 71' lang='grc' dir='ltr'><em>ἔσπεισεν</em></span> <span class='ocrx_word' id='word_1_285' title='bbox 1288 2776 1343 2809; x_wconf 81' lang='lat' dir='ltr'><em>II’</em></span> <span class='ocrx_word' id='word_1_286' title='bbox 1438 2779 1529 2809; x_wconf 85' lang='grc'><strong>1204</strong></span> <span class='ocrx_word' id='word_1_287' title='bbox 1554 2775 1638 2810; x_wconf 80' lang='lat' dir='ltr'>fort.</span> 
     </span>
     <span class='ocr_line' id='line_1_40' title="bbox 115 2827 1636 2875; baseline -0.001 -11"><span class='ocrx_word' id='word_1_288' title='bbox 115 2829 204 2864; x_wconf 78' lang='grc' dir='ltr'><em>ἔσειε</em></span> <span class='ocrx_word' id='word_1_289' title='bbox 231 2829 460 2875; x_wconf 75' lang='grc' dir='ltr'><em>κάβάκχευεν</em></span> <span class='ocrx_word' id='word_1_290' title='bbox 543 2833 632 2863; x_wconf 75' lang='lat'>1205</span> <span class='ocrx_word' id='word_1_291' title='bbox 654 2828 846 2875; x_wconf 80' lang='grc' dir='ltr'><em>ὀξύτονον]</em></span> <span class='ocrx_word' id='word_1_292' title='bbox 866 2829 1100 2873; x_wconf 75' lang='lat' dir='ltr'>Herwerden‚</span> <span class='ocrx_word' id='word_1_293' title='bbox 1128 2829 1304 2870; x_wconf 80' lang='grc' dir='ltr'><em>ἀξύνετον</em></span> <span class='ocrx_word' id='word_1_294' title='bbox 1324 2829 1403 2863; x_wconf 89' lang='lat' dir='ltr'><em>LP</em></span> <span class='ocrx_word' id='word_1_295' title='bbox 1423 2830 1427 2874; x_wconf 88' lang='grc' dir='ltr'>Ι</span> <span class='ocrx_word' id='word_1_296' title='bbox 1450 2827 1636 2870; x_wconf 80' lang='grc' dir='ltr'><em>αἰάζουσ’·</em></span> 
     </span>
     <span class='ocr_line' id='line_1_41' title="bbox 114 2880 1010 2928; baseline 0 -12"><span class='ocrx_word' id='word_1_297' title='bbox 114 2882 340 2928; x_wconf 77' lang='grc' dir='ltr'><em>ἐθάμβησεν]</em></span> <span class='ocrx_word' id='word_1_298' title='bbox 369 2881 502 2926; x_wconf 81' lang='lat' dir='ltr'>Heath,</span> <span class='ocrx_word' id='word_1_299' title='bbox 528 2881 707 2924; x_wconf 77' lang='grc' dir='ltr'><em>αἰάζουσα</em></span> <span class='ocrx_word' id='word_1_300' title='bbox 734 2880 905 2928; x_wconf 81' lang='grc' dir='ltr'><em>θάμβησε</em></span> <span class='ocrx_word' id='word_1_301' title='bbox 931 2883 1010 2918; x_wconf 90' lang='lat' dir='ltr'><em>LP</em></span> 
     </span>
    </p>

    <p class='ocr_par' dir='ltr' id='par_1_25' title="bbox 183 2945 1378 2980">
     <span class='ocr_line' id='line_1_42' title="bbox 183 2945 1378 2980; baseline 0.003 -8"><span class='ocrx_word' id='word_1_302' title='bbox 183 2947 409 2980; x_wconf 67' lang='lat' dir='ltr'><strong>Euripiden,</strong></span> <span class='ocrx_word' id='word_1_303' title='bbox 430 2948 494 2973; x_wconf 84' lang='lat'>1011.</span> <span class='ocrx_word' id='word_1_304' title='bbox 1357 2945 1378 2975; x_wconf 71' lang='lat'>4</span> 
     </span>
    </p>
   </div>
  </div>
 </body>
</html>
