1929 3208
829 155 996 190 EAENII
1619 152 1675 192 23

330 265 518 307 διπλοῦν
550 260 599 306 δὲ
635 263 908 318 Τυνδάρειον
940 263 1080 317 ὄνομα
1110 259 1326 317 κλῄζεταις

330 336 661 389 Λακεδαίμονος
693 332 740 376 δὲ
772 341 875 388 γαῖα
906 335 971 384 τίς
1003 332 1261 388 ξυνώνυμος
1605 342 1674 372 495

334 408 494 462 Τροίας
524 402 584 456 τ’;
618 404 701 459 ἐγὼ
735 403 814 460 μὲν
847 404 928 446 οὐκ
960 405 1042 459 ἔχω
1074 406 1120 445 τί
1147 404 1229 459 χρὴ
1262 402 1420 458 λέγειν.

328 475 483 520 πολλοὶ
515 476 614 531 γάρ,
646 477 704 526 ὡς
735 475 918 529 εἴξασιν,
949 475 997 517 ἐν
1028 478 1167 530 πολλῇ
1200 473 1332 529 χθονὶ

329 550 520 604 ὀνόματα
551 545 673 588 ταῦτ’
708 548 857 602 ἔχουσι
888 545 961 588 καὶ
992 547 1118 595 πόλις
1148 546 1272 587 πόλει

327 619 440 674 γυνὴ
472 619 652 672 γυναικί
679 615 737 658 τ’·
771 615 904 659 οὐδὲν
937 612 1019 658 οὖν
1050 614 1346 670 θαυμαστέον.

328 689 422 733 οὐδ’
461 686 517 731 αὗ
548 689 596 731 τὸ
631 688 780 730 δεινὸν
811 689 1068 743 προσπόλου
1101 686 1404 742 φευξούμεθα·
1605 699 1673 728 500

326 761 436 816 ἀνὴρ
468 761 551 815 γὰρ
584 757 732 809 οὐδεὶς
763 755 845 801 ὧδε
876 758 1099 814 βάρβαρος
1131 757 1309 813 φρένας,

326 832 374 883 ὃς
406 830 528 887 ὄνομ’
565 831 756 880 ἀκούσας
785 829 951 884 τούμὸν
984 829 1038 871 οὐ
1071 829 1204 871 δώσει
1234 828 1387 884 βοράν.

325 904 500 946 κλεινὸν
530 903 579 945 τὸ
617 903 776 955 Τροίας
807 906 894 957 πῦρ
927 900 1011 954 ἐγώ
1043 899 1090 941 θ’
1127 899 1176 951 ὃς
1207 896 1297 954 ἧψά
1328 916 1417 954 νιν,

328 972 589 1028 [Μενέλαος,
623 972 703 1015 οὐκ
734 973 959 1026 ἄγνωστος
991 970 1038 1014 έν
1070 972 1187 1026 πάσῃ
1219 971 1383 1026 χθονί]

327 1047 476 1100 δόμων
509 1045 673 1086 ἄνακτα
704 1050 954 1099 προσμενῶ·
988 1043 1143 1092 δισσὰς
1175 1042 1226 1084 δέ
1255 1058 1330 1097 μοι
1605 1053 1671 1083 505

325 1118 412 1172 ἔχει
444 1115 668 1170 φυλάξεις·
700 1113 756 1169 ἢν
787 1112 867 1169 μὲν
901 1114 1123 1169 ὠμόφρων
1154 1129 1220 1163 τις
1251 1108 1292 1169 ᾖ,

324 1188 508 1242 κρύψων
540 1185 729 1241 ἐμαυτὸν
761 1182 849 1240 εἶμι
880 1187 989 1240 πρὸς
1019 1184 1228 1239 ναυάγια·

326 1258 380 1313 «ἣν
413 1253 452 1300 δ’
489 1257 649 1314 ἐνδιδῷ
681 1272 723 1298 τι
755 1258 1001 1311 μαλθακόν,
1031 1257 1084 1297 τὰ
1115 1257 1350 1311 πρόσφορα

324 1335 398 1383 τῆς
429 1334 513 1370 νῦν
543 1328 771 1382 παρούσης
802 1333 1034 1382 συμφορᾶς
1065 1328 1308 1382 αἰτήσομαι.

324 1407 470 1442 κακῶν
503 1397 554 1441 δέ
580 1397 627 1441 θ’
664 1398 770 1453 ἡμῖν
802 1400 985 1453 ἔσχατον
1016 1406 1108 1449 τοῖς
1139 1398 1327 1453 ἀθλίοις,
1603 1411 1670 1440 510

324 1472 484 1520 ἄλλους
514 1469 762 1524 τυράννους
793 1470 928 1512 αὐτὸν
961 1471 1064 1512 ὄντα
1098 1469 1280 1524 βασιλέα

323 1544 423 1597 βίον
455 1548 726 1596 προσαιτεῖν·
759 1539 852 1583 ἀλλ’
891 1540 1138 1595 ἀναγκαίως
1170 1542 1266 1596 ἔχει.

324 1615 452 1667 λόγος
483 1612 567 1667 γάρ
599 1611 718 1654 ἐστιν
751 1611 832 1654 οὐκ
867 1611 982 1667 ἐμός,
1015 1619 1170 1666 σοφῶν
1204 1610 1243 1653 δ’
1281 1613 1396 1666 ἔπος,

323 1685 469 1738 δεινῆς
500 1682 692 1738 ἀνάγκης
724 1680 858 1725 οὐδὲν
891 1683 1058 1737 ἰσχύειν
1088 1681 1235 1725 πλέον.

821 1836 994 1870 ΧΟΡΟΣ.

322 1909 488 1962 ἤκουσα
519 1912 595 1956 τᾶς
625 1907 884 1963 θεσπιῳδοῦ
916 1908 1063 1962 κόρας,
1601 1920 1668 1949 515

322 1978 348 2020 ἃ
380 1974 581 2034 χρῄζουσ’
619 1976 761 2032 ἐφάνη
789 1975 832 2019 ’ν
863 1976 1101 2033 τυράννοις

322 2050 488 2104 δόμοις,
519 2049 578 2099 ὡς
608 2047 839 2098 Μενέλαος
870 2049 993 2091 οὔπω

322 2117 572 2175 μελαμφαὲς
603 2122 766 2173 οἴχεται

322 2189 379 2233 δι’
416 2192 566 2245 ἔρεβος
596 2188 729 2245 χθονὶ
760 2191 994 2245 κρυφθείς,

321 2259 414 2304 ἀλλ’
452 2262 514 2303 ἔτι
544 2256 636 2303 κατ’
672 2257 788 2315 οἶδμ’
826 2261 954 2302 ἅλιον
1600 2274 1666 2304 520

321 2333 588 2387 τρυχόμενος
620 2332 742 2374 οὔπω
774 2330 964 2386 λιμένων

239 2529 307 2560 494
333 2526 504 2571 διπλοῦν]
536 2524 685 2569 Nauck,
718 2523 860 2560 ἁπλοῦν
885 2525 964 2560 LG
1084 2530 1153 2561 496
1185 2537 1222 2560 τε
1248 2526 1327 2560 LG
1448 2528 1516 2558 498
1543 2524 1666 2571 ταῦτ’]

144 2577 340 2622 Matthiae,
365 2576 467 2612 ταῦτ’
498 2577 576 2613 LG
696 2581 766 2612 504
791 2577 929 2613 delevit,
954 2578 1071 2614 Cobet
1191 2582 1258 2613 505
1273 2589 1325 2621 sq.
1353 2576 1480 2618 δισσὰς
1507 2607 1513 2612 .
1543 2605 1550 2612 .
1577 2577 1665 2624 ἔχει]

143 2632 358 2677 Musgra-ve,
384 2630 456 2676 ἔχει
483 2660 488 2665 .
518 2659 524 2665 .
552 2629 678 2670 δισσὰς
704 2630 782 2665 LG
902 2635 969 2666 507
996 2632 1166 2678 κρύψων]
1192 2631 1380 2674 Badham,
1414 2631 1560 2675 κρύψας
1585 2632 1665 2666 LG

240 2688 307 2719 509
327 2689 370 2730 τῇ
396 2689 464 2718 νῦν
485 2683 651 2729 παρούσῃ
678 2687 849 2731 συμφορᾷ
870 2682 934 2728 σφ’
964 2684 1159 2729 αἰτήσομαι
1180 2684 1368 2718 Hermann
1452 2687 1520 2718 510
1541 2691 1665 2719 κακῶν

144 2738 233 2781 LG,
260 2737 376 2772 κακὸν
395 2749 417 2781 9
439 2737 443 2781 Ι
466 2735 508 2771 δέ
533 2735 566 2782 γ’
591 2735 763 2781 Lenting,
789 2735 869 2771 τόδ’
893 2737 1052 2781 Lobeck,
1080 2736 1113 2771 δ’
1140 2736 1179 2772 ἓν
1200 2737 1343 2780 Nauck,
1371 2735 1436 2780 μὲν
1457 2736 1571 2781 Paley

145 2795 212 2826 513
239 2789 358 2834 σοφὸν
377 2789 467 2832 LG,
493 2789 651 2833 σοφῶνῐ
681 2790 685 2834 Ι
717 2787 752 2823 δ’
783 2788 885 2835 ἔπος]
911 2788 953 2824 δέ
978 2803 1042 2825 του
1068 2790 1212 2825 Dobree
1333 2793 1401 2823 514
1428 2789 1543 2834 ἰσχύει
1569 2790 1602 2824 G
1628 2792 1666 2825 et

144 2846 235 2878 mut.
262 2843 300 2877 in
327 2842 464 2887 ἰσχύειν
491 2843 525 2877 L
634 2845 701 2876 516
728 2841 878 2886 χρήσασ’
907 2845 993 2887 post
1018 2842 1236 2877 Barnesium
1262 2841 1444 2887 Dindorfl
1468 2839 1588 2888 ἐφάνη
1610 2841 1663 2889 ’ν]

145 2896 325 2940 Badham,
351 2893 471 2940 ἐφάνη
497 2894 587 2939 LG,
613 2892 757 2940 ἐφάνην
784 2896 796 2930 Ζ
893 2900 958 2930 521
986 2895 1104 2942 οὔπω]
1131 2895 1174 2930 οὐ
1201 2895 1370 2930 Badham
