1929 3208
774 147 960 180 MHAEIA
1576 142 1627 183 17

285 256 312 311 ἢ
344 258 547 312 χρηστόν.
609 255 663 298 οὐ
694 255 777 309 γὰρ
811 254 1000 303 εὐκλεεῖς
1032 250 1280 306 ἀπαλλαγαὶ

285 328 501 382 γυναιξίν,
535 324 632 370 οὐδ’
669 321 765 368 οἷόν
795 324 832 366 τ’
869 324 1122 379 ἀνήνασθαι
1152 325 1296 366 πόσιν.

284 398 328 448 ἐς
358 400 487 441 καινὰ
520 396 560 440 δ’
598 398 688 451 ἤθη
720 396 792 438 καὶ
823 398 988 451 νόμους
1019 393 1268 449 ἀφιγμένην

286 470 357 511 δεῖ
384 470 542 524 μάντιν
574 465 702 521 εἶναι,
735 469 792 522 μὴ
824 471 1060 521 μαθοῦσαν
1092 468 1289 517 οἴκοθεν,

284 540 368 597 ὅτῳ
401 541 587 595 μάλιστα
619 541 822 594 χρήσεται
855 537 1102 592 ξυνευνέτῃ.
1563 544 1631 575 240

284 610 368 653 κᾶν
399 609 479 666 μὲν
510 609 604 652 τάδ’
642 610 748 664 ἡμῖν
779 607 1174 663 ἐκπονουμέναισιν
1207 603 1257 648 εὖ

284 684 410 731 πόσις
441 682 620 736 ξυνοικῇ
653 682 710 735 μὴ
743 682 817 735 βία
850 679 1001 733 φέρων
1035 680 1180 732 ζυγόν,

286 754 471 807 ζηλωτὸς
503 752 629 793 αἰῶν’
681 752 722 793 εἰ
752 748 800 793 δὲ
833 753 905 804 μή,
937 740 1098 791 θανεῖν
1130 751 1265 803 χάρις.

285 823 397 878 ἀνὴρ
431 820 490 877 δ’,
522 824 628 865 ὅταν
658 830 750 872 τοῖς
781 823 913 864 ἔνδον
944 823 1133 876 ἄχθηται
1165 821 1326 873 ξυνών,

285 894 365 945 ἔξω
398 895 548 949 μολὼν
581 896 740 936 ἔπαυσε
773 894 960 947 καρδίαν
992 893 1101 946 ἄσης
1566 900 1634 930 245

287 965 330 1020 [ἢ
361 966 471 1020 πρὸς
504 967 638 1020 φίλον
669 963 746 1008 τιν’
783 963 809 1019 ἢ
841 965 949 1019 πρὸς
980 964 1108 1018 ἥλικα
1140 961 1349 1017 τραπείς]

285 1037 392 1091 ἡμῖν
424 1033 464 1079 δ’
500 1037 668 1091 ἀνάγκη
700 1037 810 1091 πρὸς
841 1038 947 1090 μίαν
979 1035 1127 1090 ψυχὴν
1159 1032 1347 1087 βλέπειν.

287 1107 465 1162 λέγουσι
498 1106 537 1149 δ’
575 1107 686 1162 ἡμᾶς
719 1107 777 1156 ὡς
809 1106 1052 1149 ἀκίνδυνον
1085 1107 1186 1160 βίον

287 1181 425 1233 ζῶμεν
456 1175 547 1220 κατ’
580 1182 744 1233 οἴκους,
776 1180 823 1220 οἳ
851 1176 899 1220 δὲ
931 1178 1176 1233 μάρνανται
1209 1177 1329 1230 δορί,

287 1257 429 1299 κακῶς
460 1255 749 1305 φρονοῦντες·
783 1249 841 1299 ὡς
871 1247 966 1302 τρὶς
997 1248 1051 1290 ἂν
1083 1246 1185 1302 παρ’
1223 1247 1386 1289 ἀσπίδα
1568 1257 1636 1287 250

288 1327 444 1375 στῆναι
475 1319 646 1376 θέλοιμ’
686 1320 740 1362 ἄν
772 1324 941 1376 μᾶλλον
972 1319 999 1375 ἢ
1031 1326 1173 1362 τεκεῖν
1205 1318 1328 1368 ἅπαξ.

289 1390 377 1434 ἀλλ’
417 1392 470 1433 οὐ
502 1393 585 1446 γὰρ
619 1392 751 1441 αὑτὸς
782 1392 890 1446 πρὸς
923 1388 970 1432 σὲ
1001 1387 1099 1444 κᾶμ’
1138 1390 1232 1444 ἥκει
1265 1391 1412 1443 λόγος·

289 1462 360 1505 σοὶ
393 1462 473 1518 μὲν
503 1465 628 1512 πόλις
659 1460 708 1503 θ’
745 1458 814 1516 ἥδ’
851 1460 942 1504 ἐστὶ
973 1460 1044 1503 καὶ
1076 1462 1239 1515 πατρὸς
1271 1461 1400 1515 δόμοι

288 1536 390 1589 βίου
422 1532 453 1575 τ’
491 1535 642 1589 ὄνησις
673 1532 746 1575 καὶ
778 1535 922 1588 φίλων
955 1535 1186 1585 συνουσία,

290 1605 374 1659 ἐγὼ
408 1603 446 1646 δ’
484 1606 643 1660 ἔρημος
674 1605 826 1654 ἄπολις
859 1600 954 1646 οὗσ’
991 1604 1223 1658 ὑβρίζομαι
1569 1613 1636 1643 255

289 1677 398 1729 πρὸς
429 1675 592 1731 ἀνδρὸς
623 1675 670 1718 ἐκ
700 1682 780 1730 γῆς
811 1675 1040 1730 βαρβάρου
1071 1672 1331 1730 λελῃσμένη,

289 1747 343 1789 οὐ
375 1745 545 1803 μητέρ’,
577 1746 657 1789 οὐκ
689 1746 898 1800 ἀδελφόν,
932 1744 1030 1800 οὐχὶ
1063 1751 1255 1799 συγγενῆ

289 1820 650 1874 μεθορμίσασθαι
682 1816 805 1872 τῆσδ’
842 1819 1004 1874 ἔχουσα
1036 1823 1281 1872 συμφορᾶς.

290 1896 504 1933 τοσοῦτον
537 1886 619 1932 οὖν
651 1901 734 1932 σου
765 1890 999 1944 τυγχάνειν
1031 1891 1321 1943 βουλήσομαι,

289 1962 345 2016 ἤν
377 1978 451 2016 μοι
482 1963 618 2016 πόρος
649 1976 714 2010 τις
745 1963 915 2015 μηχανή
949 1957 986 2002 τ’
1023 1960 1232 2014 ἐξευρεθῇ
1568 1970 1638 2003 260

290 2034 422 2074 πόσιν
455 2034 582 2087 δίκην
613 2029 744 2074 τῶνδ’
781 2031 1092 2073 ἀντιτίσασθαι
1123 2038 1270 2073 κακῶν

209 2206 277 2237 236
310 2203 469 2248 εὐχερεῖς
499 2202 632 2237 Nauck
776 2205 845 2236 240
878 2200 963 2249 ὅτῳ]
996 2200 1095 2241 ὅπως
1126 2200 1298 2235 Meineke
1332 2201 1337 2246 Ι
1371 2198 1569 2247 ξυνευνέτῃ
1596 2200 1640 2246 S]

114 2256 311 2304 συνευνέτῃ
330 2268 350 2291 r
383 2257 388 2302 Ι
422 2266 546 2290 versus
573 2258 765 2301 suspectus
869 2259 935 2289 241
964 2256 1035 2290 κάν
1057 2255 1096 2289 Ε
1116 2256 1120 2300 Ι
1143 2253 1209 2299 μὲν
1235 2265 1304 2288 om.
1326 2254 1366 2288 E
1463 2258 1528 2288 242
1556 2253 1640 2295 ξυν-

114 2316 210 2345 οικεῖ
229 2310 265 2344 Β
290 2314 313 2355 ῆ
339 2321 417 2354 sup.
440 2315 475 2344 εἴ
498 2321 565 2344 scr.
587 2311 607 2345 b
704 2313 771 2343 243
798 2308 904 2354 χάρις
929 2308 1076 2354 scripsi]
1104 2309 1220 2353 χρεών
1245 2307 1332 2341 libri
1424 2311 1492 2340 244
1519 2307 1643 2341 om.E

117 2364 122 2410 Ι
144 2364 265 2398 συνών
285 2362 314 2398 S
418 2367 486 2397 245
512 2365 633 2407 μολῶν
653 2363 720 2397 Βα
743 2364 747 2407 Ι
770 2362 860 2407 ἄτης
879 2362 915 2396 Β
941 2361 1054 2406 ἅσσης
1073 2362 1109 2395 Ρ
1131 2361 1222 2406 ἄσης
1247 2363 1340 2406 (sup.
1362 2375 1381 2402 ς
1404 2373 1451 2395 m.
1476 2365 1491 2394 1
1521 2372 1586 2395 scr.
1608 2375 1640 2404 v,

115 2416 215 2460 quod
241 2415 323 2461 ipsa
349 2415 435 2461 del.)
455 2416 490 2450 L
520 2414 677 2460 καρδίας
702 2415 797 2460 ἄσην
823 2414 1109 2460 olympiodorus
1134 2414 1175 2448 in
1199 2414 1294 2448 Plat.
1322 2414 1440 2448 Alcib.
1468 2426 1501 2458 p.
1527 2418 1593 2448 188

116 2473 184 2503 246
211 2469 376 2515 spurium
403 2480 482 2505 esse
507 2469 696 2505 intellexit
713 2469 976 2513 Wilamowit2‚
1009 2467 1054 2504 cf.
1075 2468 1211 2503 Electr.
1234 2472 1324 2502 1036
1340 2479 1391 2512 sq.
1417 2469 1421 2513 Ι
1444 2466 1562 2511 φίλων
1581 2467 1645 2502 dC

117 2520 235 2566 φίλων
259 2525 349 2558 mut.
376 2522 415 2557 in
441 2522 551 2567 φίλον
570 2524 605 2558 L
639 2525 643 2568 Ι
678 2521 807 2568 ἥλικας
827 2522 857 2557 G
993 2525 1060 2556 252
1088 2521 1200 2562 αὑτὸς
1224 2521 1380 2568 Porson]
1411 2520 1522 2560 αὐτὸς
1547 2523 1640 2565 (sup.

117 2575 165 2610 αὐ
196 2574 311 2610 minio
343 2588 410 2611 scr.
432 2576 466 2622 ὃ)
491 2577 532 2611 Ε
567 2577 678 2617 αὐτὸς
708 2576 742 2621 (ὁ
770 2588 849 2621 sup.
870 2576 918 2610 αὐ
944 2587 1013 2610 scr.
1039 2587 1088 2609 m.
1111 2577 1144 2619 1)
1164 2575 1199 2610 L
1237 2574 1347 2614 αὐτὸς
1365 2586 1385 2609 r
1419 2575 1423 2619 Ι
1457 2573 1537 2616 ἥκει
1558 2573 1594 2607 Β

117 2632 185 2663 253
217 2627 322 2669 πόλις
350 2627 394 2663 θ’
417 2630 508 2676 ES]
544 2629 649 2671 πόλις
668 2643 691 2665 α
722 2630 792 2676 γὰρ
817 2627 922 2670 πόλις
942 2629 978 2663 Β
1010 2628 1080 2674 γάρ
1106 2628 1145 2662 in
1165 2628 1201 2662 B
1228 2638 1247 2662 e
1272 2638 1377 2661 versu
1405 2627 1641 2661 antecedenti

117 2681 308 2727 irrepsisse
339 2682 502 2727 videtur,
534 2683 590 2719 ita
621 2686 663 2718 ut
690 2683 788 2718 falsa
813 2684 863 2718 sit
887 2682 1076 2728 Hartungi
1103 2681 1316 2717 coniectura
1341 2679 1447 2720 πόλις
1472 2681 1541 2726 γὰρ
1568 2680 1638 2715 ἔστι

165 2739 233 2770 254
259 2734 434 2770 συνουσία
469 2738 537 2780 (γρ.
563 2735 743 2772 κοινωνία
768 2737 884 2772 minio
911 2738 1108 2782 suprascr.)
1133 2736 1173 2770 E
1208 2733 1384 2769 συνουσία
1409 2746 1433 2769 ιι
1463 2732 1642 2769 κοινωνία

118 2800 297 2834 suprascr.
319 2789 360 2824 a¹
498 2793 566 2824 256
592 2790 787 2835 λελησμένη
810 2791 845 2825 Β
871 2788 1067 2837 λελῃσμένη
1089 2791 1108 2824 b
1243 2792 1309 2822 257
1337 2788 1435 2834 οὐχὶ]
1462 2786 1549 2822 οὐδὲ
1570 2787 1598 2822 S

119 2846 186 2877 258
218 2842 530 2887 μεθορμήσασθαι
561 2845 652 2877 mut.
684 2843 723 2877 in
755 2842 1056 2888 μεθορμίσασθαι
1083 2843 1118 2877 L
1257 2846 1324 2875 259
1351 2838 1418 2876 οὖν
1439 2841 1482 2887 S]
1515 2839 1558 2875 δέ
1576 2854 1596 2876 r

118 2898 185 2929 261
213 2894 323 2940 δίκην
342 2897 382 2942 d]
408 2894 492 2942 δίκῃ
513 2908 532 2931 r
554 2898 558 2940 Ι
580 2894 683 2931 τόνδ’
707 2896 742 2930 L

190 2962 414 2994 Euripides,
434 2961 549 2987 Medea.
588 2962 641 2986 Ed.
663 2962 702 2986 11.
1408 2957 1428 2987 '2
