1929 3208
749 87 996 120 AAKHZTOE
1602 91 1652 134 19

304 193 398 235 ἀλλ’
431 191 519 235 ἔστ’
552 193 607 235 ἂν
639 194 748 236 αἰὼν
781 193 915 247 οὑμὸς
947 194 1123 252 ἀντέχῃ,
1155 195 1296 249 γύναι,

304 271 479 318 στυγῶν
510 264 590 318 μὲν
620 265 647 319 ἥ
679 265 723 318 μ’
755 262 936 318 ἔτικτεν,
968 264 1190 321 ἐχθαίρων
1223 266 1264 308 δ’
1296 266 1402 319 ἐμὸν

303 334 467 389 πατέρα
519 336 634 391 λόγῳ
667 336 750 390 γὰρ
781 333 895 390 ἦσαν
927 335 1009 378 ου’κ
1041 334 1154 393 ἔργῳ
1188 339 1321 391 φίλοι.

304 408 358 447 σὺ
393 406 434 447 δ’
467 405 706 449 ἀντιδοῦσά
738 413 813 461 τῆς
844 405 948 461 ἐμῆς
978 408 1030 449 τὰ
1063 409 1248 462 φίλτατα
1585 421 1652 451 340

303 483 444 531 ψυχῆς
476 474 652 526 ἔσωσας.
714 474 798 531 ἆρά
828 493 902 530 μοι
935 477 1106 520 στένειν
1137 479 1254 533 πάρα

304 547 470 589 τοιᾶσδ’
503 547 799 602 ἁμαρτάνοντι
831 549 1023 603 συζύγου
1056 549 1208 600 σέθεν;

303 619 456 660 παύσω
490 619 538 661 δὲ
570 620 742 672 κώμους
774 627 1010 672 συμποτῶν
1041 620 1091 662 θ’
1123 620 1293 673 ὁμιλίας

304 690 551 745 στεφάνους
583 706 627 732 τε
658 691 831 743 μοῦσάν
861 691 924 744 θ’,
955 691 980 745 ἣ
1014 692 1176 746 κατεῖχ’
1207 691 1338 745 ἐμοὺς
1371 691 1543 746 δόμους.

301 758 354 802 οὐ
388 760 471 814 γάρ
504 761 601 802 ποτ’
633 760 727 802 οὔτ’
760 760 815 802 ἂν
846 763 1061 815 βαρβίτου
1093 763 1266 816 θίγοιμ’
1298 761 1359 804 ἔτι
1585 775 1651 805 345

302 831 395 873 οὔτ’
427 831 482 873 ἂν
514 831 643 886 φρέν’
674 830 872 886 ἐξάραιμι
904 833 1013 887 πρὸς
1044 833 1192 886 Λίβυν
1225 837 1374 875 λακεῖν
1579 840 1582 842 ’

301 900 458 944 αὐλόν·
492 903 546 943 σὺ
578 902 662 956 γάρ
694 918 780 955 μου
812 901 968 957 τέρψιν
1000 901 1167 953 ἐξείλου
1199 905 1312 957 βίου.

300 980 418 1028 σοφῇ
451 973 498 1015 δὲ
530 973 642 1028 χειρὶ
673 971 892 1016 τεκτόνων
924 973 1057 1027 δέμας
1087 975 1136 1016 τὸ
1170 976 1250 1017 σὸν

300 1044 509 1086 εἰκασθὲν
540 1042 589 1086 ἐν
622 1043 868 1099 λέκτροισιν
899 1043 1201 1100 ἑκταθήσεται,

301 1109 336 1171 ᾧ
368 1121 701 1169 προσπεσοῦμαι
732 1116 805 1158 καὶ
836 1116 1147 1169 περιπτύσσων
1179 1117 1307 1171 χέρας
1584 1129 1650 1159 350

300 1186 439 1240 ὄνομα
471 1189 617 1228 καλῶν
649 1187 730 1228 σὸν
761 1188 842 1242 τὴν
874 1188 1011 1242 φίλην
1042 1186 1091 1229 ἐν
1123 1187 1332 1242 ἀγκάλαις

300 1255 412 1307 δόξω
444 1263 634 1311 γυναῖκα
665 1258 820 1312 καίπερ
853 1257 934 1300 οὐκ
966 1255 1077 1312 ἔχων
1109 1256 1238 1313 ἔχειν,

298 1329 473 1382 ψυχρὰν
504 1327 598 1382 μέν,
631 1324 765 1382 οἶμαι,
796 1327 965 1383 τέρψιν,
998 1328 1094 1371 ἀλλ’
1128 1329 1242 1383 ὅμως
1274 1330 1408 1383 βάρος

300 1405 442 1453 ψυχῆς
474 1398 746 1454 ἀπαντλοίην
778 1400 844 1441 ἄν.
906 1398 955 1442 ἐν
988 1399 1028 1441 δ’
1061 1400 1259 1454 ὀνείρασι

299 1470 497 1524 φοιτῶσά
528 1469 572 1523 μ’
604 1470 863 1525 εὐφραίνοις
895 1471 965 1512 ἄν·
998 1471 1083 1525 ἡδὺ
1115 1472 1199 1526 γὰρ
1233 1473 1392 1526 φίλους
1581 1484 1648 1514 355

298 1539 380 1582 κάν
412 1541 539 1582 νυκτὶ
572 1541 775 1583 λεύσσειν
804 1541 981 1596 χῶντιν’
1014 1541 1069 1584 ἂν
1100 1549 1216 1598 παρῇ
1248 1540 1424 1597 χρόνον.

298 1612 336 1653 εἰ
369 1611 409 1653 δ’
438 1611 627 1666 Ὀρφέως
657 1628 732 1665 μοι
762 1615 940 1666 γλῶσσα
972 1613 1043 1654 καὶ
1074 1612 1204 1666 μέλος
1235 1620 1394 1668 παρῆν,

298 1682 400 1724 ὥστ’
432 1682 458 1737 ἢ
490 1683 628 1737 κόρην
659 1686 893 1738 Δήμητρος
923 1683 949 1738 ἢ
983 1685 1130 1738 κείνης
1161 1682 1294 1726 πόσιν

296 1752 475 1807 ὕμνοισι
507 1754 756 1809 κηλήσαντά
788 1754 829 1796 σ’
860 1753 903 1805 ἐξ
937 1752 1091 1797 ’Ἅιδου
1125 1758 1291 1809 λαβεῖν,

297 1828 522 1879 κατῆλθον
553 1825 622 1879 ἄν,
653 1826 729 1867 καί
757 1825 801 1879 μ’
836 1825 941 1869 οὔθ’
973 1825 996 1868 ὁ
1030 1826 1299 1876 Πλούτωνος
1330 1827 1450 1869 κύων
1580 1838 1647 1869 360

296 1895 400 1938 οὔθ’
433 1895 536 1938 οὑπὶ
570 1897 693 1955 κώπῃ
724 1898 1015 1952 ψυχοπομπὸς
1046 1896 1101 1940 ἂν
1131 1897 1293 1952 Χάρων

296 1965 440 2022 ἔσχον,
473 1967 579 2022 πρὶν
611 1966 655 2018 ἐς
686 1975 781 2022 φῶς
812 1969 893 2010 σὸν
924 1975 1190 2023 καταστῆσαι
1221 1970 1332 2022 βίον.

296 2037 391 2080 ἀλλ’
423 2034 506 2080 οὖν
537 2037 627 2080 ἐκεῖ
656 2054 706 2093 γε
736 2039 961 2094 προσδόκα
992 2039 1051 2094 μ’,
1084 2040 1190 2082 ὅταν
1220 2039 1362 2093 θάνω,

296 2109 368 2150 καὶ
400 2108 508 2162 δῶμ’
541 2107 726 2162 ἑτοίμαζ’
759 2110 816 2159 ὡς
848 2110 1176 2165 συνοικήσουσά
1206 2126 1290 2163 μοι,

296 2178 345 2221 ἐν
376 2186 522 2221 ταῖσιν
555 2180 707 2230 αὐταῖς
739 2180 822 2236 γάρ
854 2181 898 2234 μ’
930 2180 1154 2236 ἐπισκήψω
1188 2181 1356 2235 κέδροις
1579 2192 1646 2224 365

296 2250 367 2292 σοὶ
398 2251 557 2293 τούσδε
588 2255 739 2293 θεῖναι
770 2252 939 2306 πλευρά
970 2252 1008 2294 τ’
1040 2252 1228 2295 ἐκτεῖναι
1260 2251 1393 2301 πέλας

295 2325 525 2375 πλευροῖσι
556 2329 647 2372 τοῖς
679 2329 787 2372 σοῖς·
821 2323 931 2378 μηδὲ
962 2324 1046 2377 γὰρ
1077 2324 1234 2366 θανών
1266 2339 1368 2365 ποτε

142 2453 208 2484 337
238 2449 351 2494 οὑμός
373 2451 409 2485 Β
497 2454 563 2485 341
591 2460 692 2496 ψυχη
672 2455 763 2496 ῆμς
765 2450 892 2486 'olim
918 2451 1051 2486 Nauck
1137 2456 1205 2486 344
1231 2459 1401 2497 κατεῖχεν
1428 2452 1536 2496 ἐμους
1563 2453 1597 2486 Β

84 2500 152 2531 346
180 2497 350 2542 ἐξάραιμι
375 2497 600 2556 ³Wakefield]
627 2497 809 2543 ἐξαίροιμι
831 2499 897 2534 Βα
923 2498 1071 2544 ἐξάροιμ
1075 2513 1087 2534 ι
1113 2500 1150 2543 S,
1177 2499 1240 2534 cfr.
1269 2499 1380 2534 schol.
1409 2500 1452 2534 οὐ
1479 2498 1643 2543 πεισαιμ’

84 2545 140 2579 ἅν.
241 2548 307 2578 347
335 2544 468 2589 αὐλόν]
495 2545 579 2580 fort.
605 2545 720 2581 λωτόν
804 2549 873 2580 :⁵53
902 2543 1020 2593 οἶμαι]
1048 2545 1134 2581 οἶδα
1161 2546 1324 2591 Elmsley
1432 2549 1500 2580 354
1527 2548 1645 2581 ἀπαν-

82 2591 203 2650 τλείην
230 2592 265 2626 B
366 2595 433 2627 355
460 2591 592 2637 φίλους
618 2594 670 2638 Β]
697 2569 819 2637 φίλοις
845 2606 864 2629 r
976 2597 1043 2629 356
1070 2593 1219 2640 χωντιν’
1245 2593 1391 2638 Iacobs]
1418 2592 1531 2628 ὅντιν’
1558 2593 1644 2627 libri

82 2637 196 2673 ὅντιν
227 2637 273 2673 ἂν
299 2645 399 2685 παρῇ
435 2639 572 2681 τρόπον
610 2639 651 2674 R.
673 2640 781 2675 Prinz
904 2644 1059 2686 357sqq.
1099 2642 1162 2676 cfr.
1190 2640 1404 2675 Phssostrat.
1431 2641 1493 2675 vit.
1521 2640 1642 2685 Apoll

84 2685 168 2720 VIII
196 2691 213 2720 7
242 2697 276 2729 p.
301 2689 367 2720 162
401 2689 406 2730 Ι
440 2689 582 2731 γλῶττα
608 2687 637 2723 S
707 2691 776 2722 358
803 2688 888 2723 ὥστ’
918 2688 1117 2749 nReiske]
1146 2689 1194 2729 ὡς
1220 2687 1286 2732 τὴν
1312 2688 1399 2722 libri
1473 2691 1537 2722 361
1568 2688 1643 2722 Xoi-

81 2736 171 2777 ρων]
200 2733 315 2778 γέρων
342 2731 457 2769 Cobet
531 2737 598 2769 362
623 2735 725 2780 ἔσχεν
752 2702 939 2781 Βθηῒίῃςη
939 2733 1039 2781 εἶχον
1063 2735 1197 2770 Nauck
1219 2737 1223 2780 Ι
1253 2734 1348 2781 βίον]
1375 2733 1488 2779 δέμας
1514 2734 1644 2769 Nauck

130 2784 198 2815 363
225 2780 302 2816 ἐκεῖ
320 2794 356 2825 ,νε
377 2780 523 2826 scripsi]
551 2749 683 2817 ἐκεῖσεκ
693 2781 779 2817 libri
806 2784 886 2818 ἐκεῖ
908 2783 950 2818 σὺ
978 2783 1019 2817 R
1041 2782 1148 2818 Prmz
1223 2786 1289 2817 367
1300 2794 1350 2826 sq.
1373 2782 1437 2817 cfr.
1456 2782 1642 2826 Aristoph.

82 2828 171 2862 Ach.
200 2831 329 2871 893sq.
