1929 3208
742 147 955 180 ΚΤΚΛΩΨ
1296 156 1298 158 -
1575 148 1629 190 21

281 255 458 296 διπλοῖν
489 257 690 309 χαλινοῑν
721 254 948 308 τρύπανον
979 258 1245 308 κωπηλατεῑ,

280 325 395 367 οὕτω
427 324 636 367 κυκλώσω
669 316 807 367 δαλὸν
839 324 887 367 ἐν
920 326 1161 382 φαεσφόρῳ

279 397 525 446 Κύκλωπος
556 396 655 447 ὄψει
687 396 758 438 καὶ
791 404 1027 438 συναυανῶ
1060 397 1204 450 κόρας.

124 470 215 510 ΧΟ.
280 468 350 509 ἰοὺ
385 467 475 521 ἰού,

277 537 467 592 γέγηθα,
498 539 776 591 μαινόμεσθα
807 544 898 588 τοῖς
931 538 1154 593 εὑρήμασι.
1561 548 1629 579 465

125 611 217 651 ΟΔ.
277 609 459 650 κᾶπειτα
489 608 562 651 καὶ
594 609 642 650 σὲ
673 609 745 651 καὶ
779 610 938 664 φίλους
969 609 1155 663 γέροντά
1186 624 1231 650 τε

277 680 386 730 νεὼς
417 681 624 734 μελαίνης
654 684 806 722 κοῖλον
838 679 1028 735 ἐμβήσας
1060 680 1228 735 σκάφος

277 751 475 792 διπλαῑσι
506 751 671 800 κώπαις
702 749 824 806 τῆσδ’
857 751 1081 793 ἀποστελῶ
1114 752 1290 805 χθονός.

122 824 214 864 ΧΟ.
276 819 362 864 ἔστ’
395 817 477 863 οὖν
509 822 625 872 ὅπως
657 821 712 863 ἂν
744 822 889 877 ὥσπερ
921 821 969 864 ἐκ
1001 822 1196 876 σπονδῆς
1226 826 1338 864 θεοῦ

274 893 393 947 κάγὼ
427 893 642 946 λαβοίμην
674 899 752 934 τοῦ
784 897 1062 947 τυφλοῦντος
1093 893 1261 946 ὄμματα
1559 902 1628 934 470

275 964 434 1014 δαλοῦ;
465 964 610 1016 φόνου
642 964 726 1017 γὰρ
758 963 888 1005 τοῦδε
920 970 1154 1006 κοινωνεῖν
1184 963 1316 1006 θέλω.

122 1037 212 1076 ΟΛ.
275 1035 342 1076 δεῖ
373 1040 501 1088 γοῦν·
533 1033 665 1088 μέγας
696 1035 780 1088 γὰρ
813 1034 962 1083 δαλός·
995 1031 1047 1076 οὗ
1081 1033 1360 1089 ξυλληπτέον.

119 1107 209 1147 ΧΟ.
272 1105 330 1155 ὡς
361 1104 444 1147 κᾶν
475 1104 651 1158 ἁμαξῶν
682 1104 838 1147 ἑκατὸν
869 1104 1060 1160 ἄραίμην
1091 1106 1246 1160 βάρος,

276 1177 315 1218 εἰ
345 1183 424 1218 τοῦ
457 1177 704 1226 Κύκλωπος
733 1183 813 1218 τοῦ
845 1184 986 1226 κακῶς
1019 1176 1263 1230 ὀλουμένου

273 1247 512 1302 ὀφθαλμὸν
544 1247 690 1301 ὥσπερ
723 1249 916 1302 σφηκιὰν
949 1237 1216 1301 ἐκθύψομε-ν.
1557 1258 1626 1289 475

119 1319 210 1360 ΟΔ.
272 1324 421 1372 σιγᾶτε
452 1325 554 1360 νῦν·
588 1319 724 1361 δόλον
755 1320 838 1372 γὰρ
870 1318 1163 1369 ἐξεπίστασαι·

271 1389 416 1444 χῶταν
446 1391 630 1444 κελεύω,
662 1396 806 1432 τοῖσιν
838 1389 1110 1445 ἀρχιτέκτοσι

272 1459 496 1503 πείθεσθ’.
558 1460 643 1515 ἐγὼ
675 1463 759 1516 γὰρ
792 1461 957 1515 ἄνδρας
988 1461 1219 1503 ἀπολιπὼν
1252 1463 1412 1516 φίλους

272 1533 376 1581 τοὺς
408 1530 540 1574 ἔνδον
572 1532 702 1582 ὄντας
734 1532 787 1574 οὐ
819 1533 954 1586 μόνος
986 1535 1256 1587 σωθήσομαι.

270 1604 411 1644 καίτοι
443 1602 623 1657 φύγοιμ’
654 1602 709 1645 ἂν
740 1603 972 1658 κάκβέβηκ’
1005 1604 1170 1658 ἄντρου
1202 1611 1370 1658 μυχῶν·
1555 1613 1624 1645 480

271 1672 369 1715 ἀλλ’
404 1674 457 1715 οὐ
491 1674 664 1716 δίκαιον
697 1674 954 1717 ἀπολιπόντ’
984 1674 1116 1728 ἐμοὺς
1148 1676 1327 1728 φίλους,

273 1743 354 1794 ξὺν
386 1739 540 1799 οἷσπερ
571 1743 717 1799 ἦλθον
749 1746 902 1801 δεῦρο,
935 1750 1137 1801 σωθῆναι
1167 1747 1317 1799 μόνον.

114 1887 206 1928 ΧΟ.
269 1887 366 1941 ἄγε,
397 1888 463 1937 τίς
493 1894 684 1942 πρῶτος,
716 1889 781 1938 τίς
813 1886 854 1929 δ’
886 1887 959 1930 ἐπὶ
989 1889 1147 1946 πρώτῳ

267 1958 447 2012 ταχθεὶς
477 1958 616 2000 δαλοῦ
647 1959 800 2013 κώπην
832 1959 1023 2014 ὀχμάσας

267 2028 512 2078 Κύκλωπος
544 2027 628 2071 ἔσω
660 2030 898 2085 βλεφάρων
929 2031 1044 2081 ὦσας
1550 2041 1619 2073 485

268 2100 474 2152 λαμπρὰν
504 2100 610 2151 ὄψιν
642 2101 906 2153 διακναίσει;

266 2240 376 2298 (ᾠδὴ
410 2239 619 2298 ἔνδοθεν)

110 2412 178 2443 462
205 2410 371 2454 κυκλήσω
397 2411 593 2456 Musgrave
690 2416 759 2448 463
786 2413 983 2449 συναυάνω
1010 2415 1104 2457 LP,
1131 2420 1328 2449 συναυανῶ
1355 2415 1367 2449 Ζ
1464 2419 1532 2449 465
1558 2415 1617 2449 εὑ-

52 2462 210 2507 ρήμασιν
242 2464 255 2498 Ζ
349 2466 419 2498 468
445 2462 651 2499 ἀποστέλλω
685 2466 773 2510 LP,
807 2467 994 2502 ἀποστελῶ
1030 2468 1072 2512 lp
1168 2470 1237 2502 469
1264 2468 1418 2511 ὡσπερεὶ
1455 2469 1616 2512 σπονδῆς

50 2514 108 2550 vel
134 2514 254 2559 ὥσπερ
274 2515 313 2551 ἐν
340 2517 520 2556 σπονδαῖς
544 2517 681 2553 Reiske
771 2523 839 2555 471
866 2518 985 2555 πόνου
1010 2520 1153 2562 Nauck,
1180 2521 1263 2556 fort.
1290 2527 1403 2565 χοροῦ
1431 2521 1508 2565 (cfr.
1536 2520 1613 2565 Iph.

51 2567 90 2602 T.
114 2571 219 2613 1046)
292 2572 360 2604 472
387 2567 446 2615 οὗ]
468 2569 614 2614 Reiske,
642 2569 685 2606 ὃν
705 2573 785 2607 LP
853 2577 922 2608 473
949 2576 1034 2618 post
1053 2572 1125 2609 κᾶν
1144 2574 1302 2609 inseruit
1321 2575 1360 2619 γ’
1380 2586 1408 2619 p
1430 2574 1436 2621 Ι
1459 2573 1609 2619 ἁμαξῶν

49 2623 140 2657 mut.
161 2621 200 2656 in
219 2621 369 2666 ἁμαξῶν
389 2623 435 2665 L,
456 2623 606 2668 ἁμαξῶν
626 2625 662 2660 Ρ
681 2627 685 2670 Ι
708 2624 887 2673 ἀραίμην]
908 2627 1104 2670 Matthiae,
1132 2626 1290 2672 ἀροίμην
1310 2628 1390 2663 LP
1458 2631 1527 2662 475
1555 2627 1614 2662 ἐ-,ι-

48 2674 241 2721 θύψομεν]
267 2674 306 2710 F.
326 2675 370 2710 K.
391 2675 572 2719 Hermam,
609 2677 850 2723 ἐκθρύψομεν
875 2680 963 2724 LP,
989 2679 1212 2725 ἐκτρίψομεν
1239 2681 1251 2715 Ζ
1347 2685 1414 2716 477
1442 2681 1526 2716 fort.
1553 2694 1612 2716 κε-

49 2727 163 2762 λεύσω
260 2731 329 2763 478
354 2728 437 2764 fort.
465 2727 629 2765 πίθεσθ’
725 2734 791 2766 481
821 2744 873 2778 sq.
901 2732 1002 2768 delet
1033 2744 1240 2778 anonymus
1273 2734 1418 2779 (Philol.
1446 2735 1535 2768 Anz.
1562 2734 1613 2768 IV

48 2791 84 2824 p.
113 2782 197 2825 332)
293 2784 359 2816 481
388 2781 496 2826 ἐμοὺς
528 2793 655 2829 apogr.
682 2783 811 2828 Paris,
842 2785 930 2830 ἐμοῦ
956 2788 1043 2830 LP,
1075 2788 1162 2827 τοὺς
1187 2786 1354 2832 Scaliger
1449 2790 1519 2822 484
1545 2789 1612 2823 δα-

48 2833 128 2878 λοῦ]
167 2832 212 2867 Η.
240 2832 470 2878 Stephanus,
509 2837 607 2871 δαλῶ
633 2837 713 2873 LP
805 2841 874 2873 486
905 2842 990 2883 post
1022 2838 1232 2875 διακναίσει
1263 2851 1442 2885 superscr.
1475 2841 1572 2886 ἡμιχ.
1600 2841 1612 2876 Ζ

108 2888 176 2920 487
203 2885 300 2921 hane
325 2889 616 2934 παρεπιγραφὴν
642 2890 680 2924 in
706 2891 821 2933 texssu,
848 2902 922 2926 non
947 2892 985 2927 in
1011 2893 1180 2938 margine
1205 2893 1345 2928 habent
1371 2894 1449 2930 LP
