1929 3208
828 161 993 194 EAENH
1615 156 1670 196 55

821 303 987 334 EAENH

355 378 406 418 τὰ
439 374 518 431 μὲν
550 373 642 417 κατ’
681 378 829 423 οἴκους
860 373 1142 428 εὐτυχοῦμεν,
1175 369 1208 414 ὦ
1241 374 1384 425 φίλαι·

356 446 383 500 ἡ
415 448 499 501 γὰρ
531 443 912 488 συνεκκλέπτουσα
946 442 1162 497 Πρωτέως
1194 445 1302 496 κόρη
1581 454 1670 483 1:57⁴»

355 517 486 557 πόσιν
519 517 715 569 παρόντα
747 515 824 555 τὸν
857 513 962 567 ἐμὸν
995 513 1286 567 ἱστορουμένη

355 587 436 628 οὐκ
467 582 548 627 εἶπ’
587 584 782 641 ἀδελφῷ·
818 570 1099 625 κατθανόντα
1132 581 1172 624 δ’
1209 583 1337 637 ἡλίου

356 657 410 698 οὔ
442 668 578 711 φησιν
612 655 749 709 αὐγὰς
780 656 959 708 εἰσορᾶν
993 653 1101 708 ἐμὴν
1134 654 1273 708 χάριν.

354 728 561 770 κάλλιστα
594 725 688 781 δῆτ’
725 726 977 781 ἀνήρπασεν
1010 724 1057 766 ἐν
1088 725 1197 780 τύχῃ
1230 727 1373 774 πόσις·

354 798 380 840 ἃ
412 799 496 853 γὰρ
527 800 743 852 καθήσειν
776 793 873 838 ὅπλ’
909 797 1088 850 ἔμελλεν
1120 797 1182 845 εἰς
1214 795 1312 849 ἅλα,
1581 807 1669 837 1375

353 869 471 912 ταῦτ’
509 868 711 922 ἐμβαλὼν
742 869 932 922 πόρπακι
965 868 1177 920 γενναίαν
1209 865 1313 920 χέρα

355 940 485 989 αὐτὸς
516 941 679 993 κομίζει
714 939 823 992 δόρυ
855 953 899 979 τε
933 938 1053 993 δεξιᾷ
1087 937 1249 991 λαβών,

353 1011 411 1060 ὡς
440 1016 499 1066 τῷ
531 1011 721 1051 θανόντι
752 1008 904 1063 χάριτα
938 1008 992 1062 δὴ
1025 1015 1324 1049 συνεκπονῶν.

353 1081 583 1135 προύργου
617 1077 656 1121 δ’
695 1079 737 1129 ἐς
769 1079 907 1132 ἀλκὴν
939 1075 1048 1133 σῶμ’
1086 1077 1238 1128 ὅπλοις
1267 1078 1502 1132 ἠσκήσατο,

354 1153 412 1202 ὡς
443 1151 681 1206 βαρβάρων
714 1151 899 1202 τρόπαια
932 1151 1104 1204 μυρίων
1137 1147 1230 1203 χερὶ
1579 1159 1670 1190 1380

354 1224 539 1276 στήσων,
573 1222 679 1263 ὅταν
711 1225 908 1276 κωπῆρες
940 1219 1138 1274 ἐσβῶμεν
1171 1220 1356 1274 σκάφος,

351 1292 544 1342 πέπλους
575 1292 760 1347 ἀμείψας
792 1290 888 1333 ἀντὶ
920 1292 1189 1345 ναυφθόρου
1221 1294 1392 1345 στολῆς,

353 1364 444 1418 ἁγώ
476 1380 549 1406 νιν
582 1362 796 1417 ἐξήσκησα
827 1361 899 1404 καὶ
932 1365 1135 1416 λουτροῖς
1165 1363 1276 1417 χρόα

355 1436 510 1488 ἔδωκα,
543 1436 698 1489 χρόνια
730 1435 889 1487 νίπτρα
921 1436 1133 1487 ποταμίας
1166 1433 1344 1487 δρόσου.

358 1501 450 1547 ἀλλ’
489 1504 646 1561 ἐκπερᾷ
677 1505 760 1558 γὰρ
795 1503 1007 1558 δωμάτων
1041 1502 1063 1545 ὁ
1096 1505 1201 1553 τοὺς
1233 1502 1364 1558 ἐμοὺς
1582 1515 1669 1545 1385

357 1577 525 1632 γάμους
557 1575 758 1630 ἑτοίμους
791 1574 838 1617 ἐν
869 1580 1018 1630 χεροῖν
1051 1575 1166 1629 ἔχειν
1199 1574 1361 1629 δοκῶν,

357 1646 560 1702 σιγητέον
592 1659 684 1701 μοι·
717 1644 787 1687 καὶ
821 1642 868 1688 σὲ
900 1645 1267 1699 προσποιούμεθα

357 1719 521 1760 εὔνουν
552 1723 728 1773 κρατεῖν
758 1731 804 1758 τε
837 1717 1064 1770 στόματος,
1096 1714 1152 1770 ἢν
1186 1717 1427 1771 δυνώμεθα

357 1788 576 1838 σωθέντες
609 1786 734 1830 αὐτοὶ
766 1786 838 1829 καὶ
871 1786 919 1829 σὲ
952 1789 1184 1829 συνσῶσαί
1211 1802 1326 1829 ποτε.

714 1934 1099 1968 ΘΕΟΚΑΤΜΕΝΟΣ.

355 2006 525 2063 χωρεῖτ’
562 2006 728 2062 ἐφεξῆς,
762 2006 820 2056 ὡς
852 2005 999 2057 ἔταξεν
1032 2005 1054 2047 ὁ
1087 2004 1224 2059 ξένος,
1579 2015 1669 2046 1390

358 2082 512 2134 δμῶες,
546 2076 756 2133 φέροντες
788 2075 937 2119 ἐνάλια
970 2078 1243 2130 κτερίσματα.

348 2148 516 2204 Ἑλένη,
548 2150 603 2191 σὺ
636 2144 695 2202 δ’,
726 2148 783 2201 ἥν
815 2158 886 2188 σοι
917 2147 974 2201 μὴ
1008 2153 1148 2196 κακῶς
1181 2146 1292 2198 δόξω
1326 2145 1484 2200 λέγειν,

355 2225 507 2274 πιθοῦ,
541 2217 634 2274 μέν’
673 2218 828 2261 αὐτοῦ·
861 2218 996 2260 ταύτὰ
1027 2219 1111 2272 γὰρ
1143 2217 1345 2272 παροῦσά
1376 2233 1420 2259 τε

354 2291 529 2346 πράξεις
560 2291 638 2332 τὸν
664 2290 804 2344 ἄνδρα
836 2289 913 2331 τὸν
947 2289 1027 2331 σὸν
1058 2289 1113 2342 ἥν
1144 2304 1190 2330 τε
1222 2289 1279 2343 μὴ
1311 2293 1463 2342 παρῇς.

239 2476 327 2506 1372
357 2471 474 2518 ἡλίου]
503 2470 643 2516 scripsi,
671 2470 710 2505 ἐν
735 2471 847 2516 χθονὶ
869 2469 946 2504 LG
1046 2472 1135 2503 1374
1162 2469 1208 2514 δὴ
1234 2467 1317 2503 τάδ’
1348 2467 1481 2513 ἤρπασ’
1514 2468 1553 2502 ἐν
1579 2468 1667 2514 τύχῃ

142 2526 220 2569 Fix,
247 2525 293 2570 δὴ
318 2523 401 2559 τάδ’
433 2523 592 2569 ἥρμοσεν
616 2523 705 2570 τύχῃ
728 2523 799 2558 Alf.
821 2522 966 2565 Hfllert,
993 2522 1075 2557 fon.
1100 2521 1135 2557 δ’
1167 2522 1206 2556 ἐκ
1231 2520 1335 2557 τοῦδ’
1366 2520 1529 2565 ἥρπασεν
1555 2521 1668 2566 τύχην

142 2578 371 2623 (ἀνήρπασεν
396 2577 509 2622 τύχην
535 2576 610 2610 iam
635 2576 847 2621 Musgrave)
972 2579 1061 2610 137ss
1087 2574 1267 2619 πόρπακι]
1296 2574 1500 2617 Victorius,
1532 2572 1664 2617 ὄρπακι

143 2633 195 2675 L,
228 2631 364 2673 ὄρπακι
392 2630 425 2664 G
542 2633 632 2663 1378
662 2628 777 2674 χαρτὰ
804 2628 1069 2663 Stadtmueller
1091 2631 1095 2673 J
1119 2630 1238 2673 δῆθεν
1264 2627 1431 2662 ἐκπονῶν
1459 2626 1572 2662 Cobet

145 2688 232 2720 1381
257 2682 412 2728 στήσων]
434 2693 649 2726 anonymus,
670 2681 800 2725 θήσων
820 2681 898 2716 LG
921 2683 925 2726 Ι
949 2682 1125 2727 εἰσβῶμεν
1151 2680 1294 2725 σκάφος
1317 2692 1399 2714 cum
1419 2690 1489 2714 raS.
1512 2680 1668 2714 duarum

142 2737 335 2772 literarum
356 2734 442 2779 (ἐςῗ)
469 2736 554 2769 ante
581 2733 723 2778 σκάφος
744 2734 788 2778 G,
816 2735 992 2780 εἰσβῶμεν
1019 2735 1070 2774 εἰς
1096 2733 1238 2778 σκάφος
1257 2734 1290 2768 L
1379 2736 1469 2767 1382
1490 2731 1667 2780 ἀμείψας]

142 2791 342 2832 Hermann,
369 2786 404 2822 δ’
435 2785 597 2832 ἀμείψας
616 2787 693 2822 LG
781 2791 870 2822 1387
892 2786 1102 2831 προσπίτνω
1129 2785 1251 2830 μένειν
1271 2785 1557 2829 Rauchenstein,
1583 2785 1666 2820 fort.

142 2842 355 2887 προστρέπω
382 2839 505 2885 μένειν
614 2844 702 2875 1393
729 2841 863 2886 πιθοῦ]
890 2839 1057 2883 Dindorf,
1083 2838 1220 2874 πείθου
1247 2839 1324 2873 LG
1347 2839 1351 2885 Ι
1374 2837 1439 2883 μὲν
1467 2838 1511 2882 G,
1538 2837 1616 2883 μέν’
1646 2851 1668 2883 ῃ

240 2899 330 2930 1394
356 2893 497 2938 πράξῃς
525 2894 569 2937 G,
596 2892 746 2936 πράξεις
769 2905 802 2939 y,
828 2892 976 2937 δράσεις
1002 2891 1201 2934 Kirchhoff,
1228 2891 1339 2931 τίσεις
1364 2891 1495 2926 Nauck
