1929 3208
523 160 794 196 PRAEFATIO
821 159 1065 195 EDITIONIS
1093 158 1357 194 SECUNDAE.
1658 159 1705 194 IX

180 271 382 313 lectiones
414 270 514 311 libri
542 268 584 311 P
612 269 722 310 1185
756 268 1097 322 ἐπεστρετεύετο,
1134 268 1246 308 1262
1280 264 1313 308 ὦ
1341 267 1559 322 omissum,
1595 268 1704 308 1267

181 342 414 396 ἀμείρεται.
475 340 618 394 Atque
651 343 699 381 ut
730 339 875 394 paucis
908 338 1120 393 colligam,
1153 353 1260 392 quae
1294 337 1353 379 eis
1388 352 1494 392 quae
1527 338 1707 393 singulis

180 411 337 453 fabulis
385 411 629 466 praemonui
675 413 717 452 et
761 409 1192 452 commentationibus
1237 412 1428 450 actorum
1472 409 1708 450 academiae

180 482 447 524 Monacensis
470 480 883 537 (xSitzungsberichte
910 480 983 521 der
1009 479 1329 534 philos-philol.
1357 479 1443 521 und
1464 479 1537 521 der
1557 480 1706 522 histor.

181 552 325 594 Classe
356 554 466 594 1895
482 551 592 608 sqq.)
626 551 821 606 exposita
852 554 964 607 sunt,
995 551 1102 592 liber
1124 550 1166 592 P
1191 566 1239 592 cx
1267 550 1408 592 codice
1428 550 1467 592 L
1493 551 1707 592 derivatus

182 625 226 666 in
263 624 421 666 fabulis
459 638 564 678 quas
603 622 736 664 altera
774 622 965 664 codicum
1003 621 1166 662 familia
1203 621 1333 663 habet
1373 624 1414 662 et
1452 622 1496 662 in
1528 622 1707 663 Bacchis

181 711 232 737 ex
265 696 397 737 altera
427 693 591 735 familia
622 707 735 734 nunc
767 692 996 747 deperditis
1029 692 1312 734 correctiones
1346 695 1387 733 et
1414 692 1707 746 supplementa

181 765 342 819 accepit
383 767 425 805 et
464 763 548 805 nisi
591 764 634 804 in
666 763 844 804 Bacchis
885 763 1069 804 nullam·
1090 763 1308 817 propriam
1349 763 1399 803 ad
1432 763 1708 804 recensendas

180 836 346 878 fabulas
382 833 513 875 habet
551 834 638 875 vim
675 834 757 875 nisi
797 833 911 888 quod
948 834 1085 888 prima
1123 847 1274 874 manus
1311 833 1413 874 libri
1439 833 1477 874 L
1510 833 1570 874 eis
1602 833 1706 875 locis

181 921 288 962 quos
319 920 468 947 manus
501 905 772 946 correctrices
803 906 1077 945 mutaverunt
1110 918 1234 958 saepe
1267 919 1316 945 ex
1346 903 1456 945 libro
1486 904 1527 945 P
1551 904 1708 945 certius

181 977 380 1032 cognosci
416 978 570 1030 potest.
632 975 781 1029 Itaque
820 974 854 1017 S
888 974 994 1016 mihi
1030 989 1118 1016 non
1156 976 1220 1015 est
1257 974 1412 1029 „codex
1451 974 1707 1030 archetypus

181 1045 446 1103 deperditus“
479 1046 550 1088 sed
581 1046 690 1087 nihil
721 1046 805 1087 nisi
837 1060 1065 1088 consensus
1097 1045 1306 1086 librorum
1338 1045 1422 1086 LP.

299 1117 413 1167 Quae
451 1117 697 1159 testimonia
735 1117 785 1158 ad
823 1116 1111 1158 recensionem
1140 1115 1252 1157 nihil
1282 1116 1426 1157 valent
1458 1118 1506 1156 ut
1537 1116 1709 1157 inutilia

181 1193 224 1232 et
255 1204 387 1245 prope
418 1188 600 1230 molesta
632 1188 767 1229 omisi.

299 1259 454 1302 Addidi
487 1259 565 1300 sub
598 1261 721 1300 textu
749 1273 818 1300 eas
846 1273 953 1313 quae
979 1258 1158 1300 alicuius
1183 1257 1310 1312 pretii
1338 1272 1428 1299 esse
1453 1257 1708 1299 videbantur

181 1332 445 1374 coniecturas
477 1330 699 1371 hominum
731 1329 954 1371 doctorum
986 1332 1114 1384 atque
1141 1329 1416 1384 appendicem
1443 1329 1707 1370 coniecturas

180 1403 322 1444 minus
352 1401 598 1456 probabiles
630 1400 931 1442 continentem.

299 1472 462 1513 Eorum
503 1471 696 1513 locorum
734 1485 841 1525 quos
879 1471 971 1525 ipse
1010 1471 1304 1512 emendatione
1344 1485 1492 1512 sanare
1530 1473 1708 1512 conatus

181 1558 275 1585 sum
318 1542 555 1597 permultos
599 1542 646 1582 in
688 1541 774 1582 illis
817 1556 922 1596 quas
962 1556 1091 1596 supra
1131 1542 1461 1583 commemoravi
1499 1556 1708 1583 commen-

180 1613 418 1656 tationibus
450 1612 630 1654 tractavi
660 1612 901 1653 rationibus
927 1612 1174 1653 emendandi
1202 1626 1253 1653 ex
1278 1613 1474 1654 universa
1498 1612 1708 1654 librorum

181 1699 309 1726 manu
363 1683 619 1738 scriptorum
674 1683 919 1725 condicione
968 1685 1017 1740 ,et
1072 1683 1347 1725 librariorum
1402 1683 1707 1724 consuetudine

180 1754 385 1810 repetitis,

298 1825 452 1867 Restat
487 1827 536 1866 ut
567 1824 831 1879 Hieronymo
864 1824 1016 1866 Vitelli
1055 1824 1129 1879 qui
1168 1840 1333 1866 summa
1369 1825 1628 1867 liberalitate
1667 1829 1708 1867 et

181 1898 381 1940 comitate
420 1895 581 1938 multos
619 1896 901 1951 complurium
938 1896 1182 1937 fabularum
1219 1897 1335 1938 locos
1374 1911 1397 1938 a
1432 1911 1498 1938 me
1531 1899 1707 1951 rogatus

181 1968 368 2023 inspexit
400 1968 529 2009 etiam
560 1967 629 2008 hic
661 1968 867 2009 maximas
899 1968 1060 2023 gratias
1092 1981 1226 2023 agam.

299 2050 554 2093 Monachii
590 2050 713 2092 1899.
1499 2050 1549 2093 Ν.
1575 2049 1646 2093 W.
