1929 3208
237 164 259 203 ,1
268 164 289 204 4
865 164 991 197 1⁴:T1‘11
1000 164 1010 196 1
1019 164 1133 196 ῙΔΟΤ

417 274 559 325 λαίφει
597 269 727 313 πνοαὶ,
760 269 961 325 γένοιντο
994 269 1064 312 καὶ.
1098 271 1207 321 νεὼς
1239 272 1414 326 δρόμος.

242 347 337 384 λΙΙῦ.
414 346 551 384 ἔσται·
588 344 753 391 πόνους
785 343 868 396 γὰρ
903 344 1107 396 δαίμονες
1138 342 1364 384 παύσουσί
1392 358 1487 396 μου.
1675 354 1760 384 1075

413 414 520 468 ιίτάρ
553 415 751 454 θανόντα
783 419 862 454 τοῦ
894 411 936 467 μ’
977 413 1087 468 ἐρεῖς
1118 411 1394 468 πεπυσμένης

242 488 328 525 ΕΑ.
418 491 515 526 σοῦ·
549 483 620 525 καὶ
654 485 788 538 μόνος
820 499 868 537 γε
903 484 1041 538 φάσκε
1077 485 1313 538 διαφυγεῖν
1345 485 1484 538 μόρον

411 552 592 609 Ἀτρέως
623 554 768 596 πλέων
802 556 885 596 σὺν
916 553 1041 596 παιδὶ
1074 552 1145 595 καὶ
1178 551 1372 595 θανόνθ’
1411 554 1531 608 ὁρᾶν.

242 630 336 668 ΜΕ.
413 625 481 667 καὶ
516 627 601 680 μὴν
634 623 728 667 τάδ’
767 625 1074 680 ἀμφίβληστρα
1107 626 1306 680 σώματος
1338 624 1448 679 ῥάκη

415 699 768 752 ξυμμαρτυρήσει
801 703 1022 738 ναυτικῶν
1055 696 1271 750 ἐρειπίων.
1674 707 1763 737 1080

240 772 327 810 1321.
415 769 458 817 ές
489 769 644 821 καιρὸν
678 765 803 821 ἦλθε,
836 769 930 809 τότε
965 765 1004 809 δ’
1042 765 1185 821 ἄκαιρ’
1224 766 1473 808 ἀπώλλυτο·

412 840 460 881 τὸ
494 836 534 881 δ’
571 840 733 880 ἄθλιον
765 837 872 880 κεῖν’
911 835 1087 893 εὐτυχὲς
1118 835 1209 892 τάχ’
1246 837 1302 879 ὀὲν
1333 836 1470 879 πέσοι.

237 913 337 951 ΜΕ.
412 912 571 963 πότερα
605 907 644 950 δ’
683 909 726 959 ἐς
758 913 907 959 οῖ’κους
940 907 1010 951 σοὶ
1043 911 1351 950 συνεισελθεῖν
1382 925 1433 963 με
1466 909 1548 964 χρὴ

413 980 437 1035 ἢ
470 981 578 1035 πρὸς
610 980 734 1038 τάφῳ
767 979 872 1037 τῷδ’
910 981 1066 1036 ἥσυχοι
1098 980 1360 1034 καθώμεθα;

236 1055 327 1093 ΕΛ.
417 1051 553 1093 αὐτοῦ
586 1050 705 1105 μέν’·
737 1051 793 1106 ἢν
824 1052 908 1106 γὰρ
940 1054 1016 1093 καί
1042 1067 1083 1092 τι
1115 1050 1361 1105 πλημμελές
1393 1063 1440 1092 σε
1475 1052 1573 1108 δρᾷ,
1674 1062 1762 1093 1085

413 1123 551 1177 τάφος
584 1119 622 1164 σ’
661 1121 726 1164 ὅδ’
764 1122 818 1164 ἂν
852 1122 1034 1177 ῥύσαιτο
1068 1122 1300 1176 φάσγανόν
1332 1138 1376 1163 τε
1410 1124 1502 1164 σόν.

413 1193 496 1247 ἐγὼ
531 1190 570 1235 δ’
609 1193 650 1243 ἐς
683 1197 832 1243 οἴκους
864 1196 977 1247 βᾶσα
1010 1193 1284 1247 βοστρύχους
1315 1199 1429 1247 τεμῶ

413 1263 590 1306 πέπλων
621 1280 665 1306 τε
699 1268 868 1306 λευκῶν
901 1263 1090 1319 μέλανας
1121 1264 1442 1318 ἀνταλλάξομαι

412 1337 581 1390 παρῇδί
608 1334 643 1377 τ’
681 1337 819 1390 ὄνυχα
851 1337 1012 1391 φόνιον
1045 1335 1218 1390 ἐμβαλῶ
1251 1336 1387 1389 χερός.

413 1405 545 1461 μέγας
575 1408 659 1462 γὰρ
691 1407 827 1462 ἁγών,
858 1405 931 1448 καὶ
964 1405 1109 1461 βλέπω
1144 1407 1224 1448 δύο
1258 1405 1413 1461 ῥοπάς·
1672 1417 1763 1448 1090

414 1478 438 1532 ἢ
471 1479 554 1532 γὰρ
586 1483 746 1520 θανεῖν
778 1480 860 1534 χρή
893 1476 955 1533 μ’,
988 1477 1043 1532 ἢν
1077 1477 1165 1519 ἁλῶ
1197 1477 1461 1532 τεχνωμένη,

414 1549 439 1603 ἢ
471 1550 659 1603 πατρίδα
691 1548 724 1591 τ’
765 1549 915 1591 ἐλθεῖν
947 1547 1017 1591 καὶ
1051 1550 1130 1591 σὸν
1163 1548 1351 1590 ἐκσῶσαι
1384 1547 1528 1603 δέμας.

418 1617 450 1661 ὦ
483 1618 627 1662 πότνι’
663 1619 690 1674 ἣ
723 1622 903 1662 Δίοισιν
937 1619 984 1662 ἐν
1017 1619 1213 1674 λέκτροις
1243 1621 1409 1668 πίτνεις

404 1689 533 1745 ’ῬΙρα,
568 1689 636 1732 δύ’
675 1692 833 1745 οἰκτρὼ
866 1687 976 1745 φῶτ’
1013 1690 1240 1741 ἀνάψυξον
1272 1691 1436 1744 πόνων,

416 1761 646 1816 αἰτούμεθ’
682 1762 822 1817 ὀρθὰς
854 1760 1019 1811 ὠλένας
1049 1762 1158 1816 πρὸς
1192 1761 1387 1816 οὐρανὸν
1674 1771 1763 1802 1095

414 1832 638 1887 ῥίπτονθ’,
671 1829 729 1874 ἵν’
767 1834 899 1882 οἰκεῖς
931 1831 1127 1886 ἀστέρων
1159 1833 1431 1885 ποικίλματα.

414 1904 469 1945 σύ
500 1902 567 1958 θ’,
599 1905 625 1958 ἣ
656 1900 718 1945 ’πὶ
749 1903 879 1961 τώμῷ
911 1903 1070 1953 κάλλος
1102 1902 1265 1956 ἐκτήσω
1298 1902 1437 1958 γάμῳ,

415 1977 522 2030 κόρη
556 1975 736 2029 Διώνης
768 1975 931 2030 Κύπρι,
964 1975 1022 2029 μή
1055 1971 1097 2029 μ’
1136 1973 1360 2028 ἐξεργάσῃ.

414 2047 509 2096 ἶέλις
543 2044 590 2088 δὲ
623 2046 761 2100 λύμης
792 2046 848 2100 ἥν
880 2041 923 2100 μ’
961 2044 1162 2099 ἐλυμήνω
1195 2044 1334 2098 πάρος

416 2118 630 2172 [τοῦνομα
657 2114 947 2171 παρασχοῦσ’,
976 2115 1028 2157 οὐ
1054 2116 1102 2157 τὸ
1131 2111 1256 2169 σῶμ’,
1285 2114 1333 2156 έν
1353 2114 1623 2169 βαρβάροις]
1672 2125 1763 2155 1100

413 2193 571 2230 θανεῖν
605 2187 644 2230 δ’
681 2189 814 2229 ἔασόν
847 2185 910 2242 μ’,
942 2187 983 2228 εἰ
1011 2194 1289 2228 κατακτεῖναι
1321 2184 1482 2238 θέλεις,

415 2259 462 2300 έν
493 2264 547 2314 γῇ
579 2257 768 2316 πατρῴα.
830 2259 876 2299 τί
904 2253 998 2299 ποτ’
1035 2258 1255 2311 ἄπληστος
1291 2252 1331 2298 εἶ
1359 2262 1521 2311 κακῶν,

333 2432 423 2463 1074
456 2429 517 2462 καὶ
557 2428 659 2473 νεὼς]
699 2427 848 2471 κοῦριος
884 2426 1009 2470 Prinz,
1049 2426 1214 2466 κᾶπονος
1249 2425 1530 2469 Stadbmuellor‚
1568 2425 1632 2459 καὶ
1669 2427 1764 2465 λεῖος

236 2482 272 2516 C.
300 2482 453 2525 Busche,
480 2481 564 2516 fort.
592 2480 773 2524 κάπήμων
882 2484 971 2514 1078
997 2478 1186 2526 θανόνθ’]
1214 2477 1403 2523 φθίνονθ’
1434 2479 1472 2513 F.
1495 2478 1561 2512 Gu.
1584 2477 1763 2522 Schmidt,

237 2535 320 2569 fort.
342 2533 556 2580 θνῄσκονθ’
648 2538 737 2568 1079
760 2530 870 2578 ῥάκη]
891 2532 974 2567 fort.
996 2536 1096 2578 κακῷ
1185 2536 1272 2566 1081
1295 2527 1403 2578 ἦλθε]
1430 2530 1511 2576 ἥκει
1529 2531 1762 2565 Herwerden.

237 2588 308 2622 Cfr.
336 2588 443 2622 Rhes.
473 2591 516 2621 52
640 2590 729 2621 1082
757 2587 914 2631 εὐτυχῶς
939 2585 1100 2630 Blaydes
1224 2589 1312 2619 1083
1340 2584 1431 2630 χρήν
1465 2595 1642 2629 superscr.
1671 2583 1692 2628 ὴ
1717 2583 1763 2627 L,

237 2641 303 2685 χρὴ
338 2641 496 2675 correxit
528 2642 565 2675 et
597 2639 886 2685 superscriptum
922 2639 940 2683 ὴ
974 2639 1044 2673 del.
1078 2640 1104 2683 l,
1141 2638 1207 2684 χρὴ
1245 2639 1278 2673 G
1402 2642 1490 2672 1085
1523 2635 1698 2681 πλημελὲς
1730 2636 1763 2670 L

237 2696 274 2728 et
299 2705 403 2728 eraso
430 2706 450 2728 6
476 2694 531 2728 vel
558 2709 578 2739 y
607 2695 692 2728 ante
719 2707 740 2736 μ
771 2693 804 2727 G
909 2696 998 2726 1089
1025 2691 1182 2736 παρηΐὸι
1208 2692 1286 2726 LG
1309 2692 1312 2736 Ι
1336 2689 1455 2737 χερός]
1481 2689 1630 2733 Jacobs,
1656 2687 1764 2735 χροός

238 2747 316 2781 LG
391 2751 481 2780 1000
503 2747 521 2781 ὁ
543 2747 658 2793 ἀγὼν]
675 2745 822 2789 Aldina,
843 2746 943 2790 ἀγὼν
958 2745 1035 2780 LG
1058 2746 1062 2791 Ι
1086 2745 1161 2780 δύω
1176 2745 1253 2779 LG
1277 2753 1279 2785 ῑ
1303 2744 1370 2778 δύο
1392 2742 1511 2790 βλέπω
1527 2742 1565 2777 Ο,
1582 2741 1763 2776 Riemann

336 2804 423 2834 1001
452 2799 535 2845 χρή]
564 2799 713 2844 scripsi,
748 2800 805 2833 δεῖ
829 2800 881 2842 L,
913 2810 982 2833 om.
1013 2799 1045 2833 G
1169 2801 1258 2832 1005
1287 2796 1399 2842 ὀργὰς
1427 2797 1472 2839 G,
1505 2794 1623 2839 ὀρθὰς
1647 2807 1670 2840 9

240 2857 329 2886 1096
357 2851 553 2898 ῥίπτονθ’]
577 2852 752 2896 Ehnsley,
780 2849 977 2896 §mvovvff
1003 2853 1047 2895 L,
1075 2849 1241 2895 ῥιπτοῦσ’
1269 2851 1301 2885 G
1400 2853 1489 2883 1097
1516 2848 1635 2894 γάμῳ]
1662 2850 1763 2893 κακῷ

239 2906 370 2939 Nauck
483 2910 573 2940 1098
601 2906 715 2950 κούρη
742 2906 820 2940 LG
929 2909 1018 2939 1000
1045 2903 1082 2948 μ’
1114 2916 1182 2938 om.
1213 2904 1245 2938 G
1353 2906 1443 2936 1100
1470 2901 1607 2936 delevit
1632 2900 1763 2935 Nauck
